类型,WindCode,日期时间,委托价格,委托数量,委托类别,委托代码
order,000001.SZ,2016-05-04 09:30:00.010000,10.68,2300,0,S
order,000001.SZ,2016-05-04 09:30:00.030000,11.69,2800,0,S
order,000001.SZ,2016-05-04 09:30:00.060000,0.0,14100,0,C
order,000001.SZ,2016-05-04 09:30:00.070000,10.67,1000,0,S
order,000001.SZ,2016-05-04 09:30:00.090000,10.73,4000,0,S
order,000001.SZ,2016-05-04 09:30:00.120000,10.49,2500,0,B
order,000001.SZ,2016-05-04 09:30:00.120000,10.99,500,0,S
order,000001.SZ,2016-05-04 09:30:00.130000,11.36,1000,0,S
order,000001.SZ,2016-05-04 09:30:00.140000,10.61,5000,0,B
order,000001.SZ,2016-05-04 09:30:00.150000,11.75,10000,0,S
order,000001.SZ,2016-05-04 09:30:00.150000,10.91,400,0,S
order,000001.SZ,2016-05-04 09:30:00.160000,10.63,2000,0,B
order,000001.SZ,2016-05-04 09:30:00.170000,10.56,2900,0,B
order,000001.SZ,2016-05-04 09:30:00.180000,0.0,1500,0,C
order,000001.SZ,2016-05-04 09:30:00.190000,10.69,400,0,S
order,000001.SZ,2016-05-04 09:30:00.200000,11.59,1000,0,S
order,000001.SZ,2016-05-04 09:30:00.210000,11.26,1000,0,S
order,000001.SZ,2016-05-04 09:30:00.210000,10.98,3000,0,S
order,000001.SZ,2016-05-04 09:30:00.230000,10.68,4000,0,B
order,000001.SZ,2016-05-04 09:30:00.230000,10.98,2900,0,S
order,000001.SZ,2016-05-04 09:30:00.240000,0.0,5000,0,C
order,000001.SZ,2016-05-04 09:30:00.260000,10.77,800,0,S
order,000001.SZ,2016-05-04 09:30:00.270000,10.0,2000,0,B
order,000001.SZ,2016-05-04 09:30:00.270000,11.26,500,0,S
order,000001.SZ,2016-05-04 09:30:00.270000,11.16,1000,0,S
order,000001.SZ,2016-05-04 09:30:00.270000,11.18,2000,0,S
order,000001.SZ,2016-05-04 09:30:00.270000,10.68,1000,0,B
order,000001.SZ,2016-05-04 09:30:00.280000,10.73,5000,0,S
order,000001.SZ,2016-05-04 09:30:00.280000,10.61,32200,0,B
order,000001.SZ,2016-05-04 09:30:00.280000,10.68,2700,0,S
order,000001.SZ,2016-05-04 09:30:00.280000,0.0,10000,0,C
order,000001.SZ,2016-05-04 09:30:00.300000,10.69,800,0,S
order,000001.SZ,2016-05-04 09:30:00.300000,10.71,4000,0,S
order,000001.SZ,2016-05-04 09:30:00.300000,10.75,5000,0,S
order,000001.SZ,2016-05-04 09:30:00.300000,10.58,1000,0,B
order,000001.SZ,2016-05-04 09:30:00.310000,10.75,1600,0,S
order,000001.SZ,2016-05-04 09:30:00.330000,0.0,700,0,C
order,000001.SZ,2016-05-04 09:30:00.330000,10.76,3000,0,S
order,000001.SZ,2016-05-04 09:30:00.340000,10.75,300,0,S
order,000001.SZ,2016-05-04 09:30:00.330000,0.0,100,0,C
order,000001.SZ,2016-05-04 09:30:00.340000,11.39,1000,0,S
order,000001.SZ,2016-05-04 09:30:00.350000,11.66,500,0,S
order,000001.SZ,2016-05-04 09:30:00.350000,11.01,400,0,S
order,000001.SZ,2016-05-04 09:30:00.360000,10.68,600,0,S
order,000001.SZ,2016-05-04 09:30:00.370000,10.71,31100,0,S
order,000001.SZ,2016-05-04 09:30:00.400000,11.07,800,0,S
order,000001.SZ,2016-05-04 09:30:00.430000,11.68,1000,0,S
order,000001.SZ,2016-05-04 09:30:00.430000,10.8,5000,0,S
order,000001.SZ,2016-05-04 09:30:00.430000,11.75,1000,0,S
order,000001.SZ,2016-05-04 09:30:00.460000,10.6,1000,0,B
order,000001.SZ,2016-05-04 09:30:00.470000,10.68,50000,0,S
order,000001.SZ,2016-05-04 09:30:00.480000,10.71,2000,0,S
order,000001.SZ,2016-05-04 09:30:00.480000,10.68,5000,0,S
order,000001.SZ,2016-05-04 09:30:00.490000,11.37,800,0,S
order,000001.SZ,2016-05-04 09:30:00.490000,11.73,1000,0,S
order,000001.SZ,2016-05-04 09:30:00.490000,10.68,7000,0,S
order,000001.SZ,2016-05-04 09:30:00.500000,10.98,300,0,S
order,000001.SZ,2016-05-04 09:30:00.500000,11.19,1000,0,S
order,000001.SZ,2016-05-04 09:30:00.500000,10.68,500,0,S
order,000001.SZ,2016-05-04 09:30:00.490000,10.56,42300,0,B
order,000001.SZ,2016-05-04 09:30:00.500000,10.64,400,0,B
order,000001.SZ,2016-05-04 09:30:00.500000,10.68,30000,0,S
order,000001.SZ,2016-05-04 09:30:00.520000,10.8,800,0,S
order,000001.SZ,2016-05-04 09:30:00.540000,10.97,1800,0,S
order,000001.SZ,2016-05-04 09:30:00.540000,10.73,10000,0,S
order,000001.SZ,2016-05-04 09:30:00.540000,10.97,1600,0,S
order,000001.SZ,2016-05-04 09:30:00.550000,11.23,800,0,S
order,000001.SZ,2016-05-04 09:30:00.560000,10.69,5000,0,S
order,000001.SZ,2016-05-04 09:30:00.590000,10.73,2000,0,S
order,000001.SZ,2016-05-04 09:30:00.590000,10.64,500,0,B
order,000001.SZ,2016-05-04 09:30:00.610000,11.75,5000,0,S
order,000001.SZ,2016-05-04 09:30:00.610000,10.73,200,0,S
order,000001.SZ,2016-05-04 09:30:00.620000,10.85,1000,0,S
order,000001.SZ,2016-05-04 09:30:00.640000,10.62,200,0,B
order,000001.SZ,2016-05-04 09:30:00.640000,10.52,1000,0,B
order,000001.SZ,2016-05-04 09:30:00.640000,10.61,300,0,B
order,000001.SZ,2016-05-04 09:30:00.650000,10.72,600,0,S
order,000001.SZ,2016-05-04 09:30:00.650000,11.74,800,0,S
order,000001.SZ,2016-05-04 09:30:00.640000,0.0,700,0,C
order,000001.SZ,2016-05-04 09:30:00.660000,10.99,1000,0,S
order,000001.SZ,2016-05-04 09:30:00.670000,11.17,3000,0,S
order,000001.SZ,2016-05-04 09:30:00.690000,10.7,800,0,S
order,000001.SZ,2016-05-04 09:30:00.690000,10.75,600,0,S
order,000001.SZ,2016-05-04 09:30:00.700000,10.71,1800,0,S
order,000001.SZ,2016-05-04 09:30:00.700000,10.97,400,0,S
order,000001.SZ,2016-05-04 09:30:00.700000,10.55,200,0,B
order,000001.SZ,2016-05-04 09:30:00.710000,10.88,100,0,S
order,000001.SZ,2016-05-04 09:30:00.760000,11.45,500,0,S
order,000001.SZ,2016-05-04 09:30:00.770000,10.85,200,0,S
order,000001.SZ,2016-05-04 09:30:00.780000,10.53,200,0,B
order,000001.SZ,2016-05-04 09:30:00.790000,10.73,1000,0,S
order,000001.SZ,2016-05-04 09:30:00.790000,10.6,2500,0,B
order,000001.SZ,2016-05-04 09:30:00.790000,10.55,2500,0,B
order,000001.SZ,2016-05-04 09:30:00.800000,10.61,1000,0,B
order,000001.SZ,2016-05-04 09:30:00.800000,10.85,2000,0,S
order,000001.SZ,2016-05-04 09:30:00.820000,10.68,400,0,S
order,000001.SZ,2016-05-04 09:30:00.820000,10.68,5000,0,S
order,000001.SZ,2016-05-04 09:30:00.830000,10.95,500,0,S
order,000001.SZ,2016-05-04 09:30:00.830000,10.68,500,0,S
order,000001.SZ,2016-05-04 09:30:00.830000,10.61,900,0,B
order,000001.SZ,2016-05-04 09:30:00.840000,10.64,100000,0,B
order,000001.SZ,2016-05-04 09:30:00.860000,0.0,500,0,C
order,000001.SZ,2016-05-04 09:30:00.910000,10.69,300,0,B
order,000001.SZ,2016-05-04 09:30:00.930000,10.9,1000,0,S
order,000001.SZ,2016-05-04 09:30:00.930000,10.63,1000,0,B
order,000001.SZ,2016-05-04 09:30:00.930000,10.63,300,0,B
order,000001.SZ,2016-05-04 09:30:00.930000,9.61,2600,0,B
order,000001.SZ,2016-05-04 09:30:00.930000,10.51,500,0,B
order,000001.SZ,2016-05-04 09:30:00.930000,10.64,5700,0,B
order,000001.SZ,2016-05-04 09:30:00.950000,10.78,1100,0,S
order,000001.SZ,2016-05-04 09:30:00.950000,10.68,1000,0,S
order,000001.SZ,2016-05-04 09:30:00.970000,10.73,400,0,S
order,000001.SZ,2016-05-04 09:30:00.960000,10.68,100,0,S
order,000001.SZ,2016-05-04 09:30:00.970000,10.68,500,0,S
order,000001.SZ,2016-05-04 09:30:00.970000,10.68,5000,0,B
order,000001.SZ,2016-05-04 09:30:00.980000,10.68,4300,0,S
order,000001.SZ,2016-05-04 09:30:00.980000,10.68,3000,0,S
order,000001.SZ,2016-05-04 09:30:01.000000,10.71,1000,0,S
order,000001.SZ,2016-05-04 09:30:01.030000,10.6,1000,0,B
order,000001.SZ,2016-05-04 09:30:01.030000,10.77,500,0,S
order,000001.SZ,2016-05-04 09:30:01.040000,0.0,700,0,C
order,000001.SZ,2016-05-04 09:30:01.040000,10.68,20000,0,S
order,000001.SZ,2016-05-04 09:30:01.050000,10.5,2500,0,B
order,000001.SZ,2016-05-04 09:30:01.070000,10.45,500,0,B
order,000001.SZ,2016-05-04 09:30:01.080000,0.0,900,0,C
order,000001.SZ,2016-05-04 09:30:01.090000,10.75,1000,0,S
order,000001.SZ,2016-05-04 09:30:01.100000,10.5,1500,0,B
order,000001.SZ,2016-05-04 09:30:01.120000,10.71,1000,0,S
order,000001.SZ,2016-05-04 09:30:01.120000,10.7,49800,0,S
order,000001.SZ,2016-05-04 09:30:01.120000,10.9,2000,0,S
order,000001.SZ,2016-05-04 09:30:01.130000,10.78,2000,0,S
order,000001.SZ,2016-05-04 09:30:01.140000,10.5,100,0,B
order,000001.SZ,2016-05-04 09:30:01.160000,10.58,2100,0,B
order,000001.SZ,2016-05-04 09:30:01.160000,9.61,4700,0,B
order,000001.SZ,2016-05-04 09:30:01.190000,10.71,1000,0,S
order,000001.SZ,2016-05-04 09:30:01.190000,10.68,700,0,S
order,000001.SZ,2016-05-04 09:30:01.200000,10.73,14900,0,B
order,000001.SZ,2016-05-04 09:30:01.200000,11.6,5000,0,S
order,000001.SZ,2016-05-04 09:30:01.210000,10.69,5000,0,B
order,000001.SZ,2016-05-04 09:30:01.210000,10.76,600,0,S
order,000001.SZ,2016-05-04 09:30:01.220000,10.5,500,0,B
order,000001.SZ,2016-05-04 09:30:01.220000,10.65,100000,0,B
order,000001.SZ,2016-05-04 09:30:01.220000,10.45,2500,0,B
order,000001.SZ,2016-05-04 09:30:01.230000,10.88,500,0,S
order,000001.SZ,2016-05-04 09:30:01.240000,10.73,1000,0,S
order,000001.SZ,2016-05-04 09:30:01.250000,10.69,300,0,B
order,000001.SZ,2016-05-04 09:30:01.260000,10.69,2000,0,B
order,000001.SZ,2016-05-04 09:30:01.260000,10.53,2000,0,B
order,000001.SZ,2016-05-04 09:30:01.300000,10.3,5000,0,B
order,000001.SZ,2016-05-04 09:30:01.300000,10.68,100,0,S
order,000001.SZ,2016-05-04 09:30:01.300000,11.7,100,0,S
order,000001.SZ,2016-05-04 09:30:01.300000,10.6,800,0,B
order,000001.SZ,2016-05-04 09:30:01.310000,10.79,600,0,S
order,000001.SZ,2016-05-04 09:30:01.360000,10.85,100,0,S
order,000001.SZ,2016-05-04 09:30:01.360000,10.63,300,0,B
order,000001.SZ,2016-05-04 09:30:01.370000,10.58,2000,0,B
order,000001.SZ,2016-05-04 09:30:01.380000,10.77,500,0,S
order,000001.SZ,2016-05-04 09:30:01.390000,10.74,5000,0,S
order,000001.SZ,2016-05-04 09:30:01.400000,10.59,700,0,B
order,000001.SZ,2016-05-04 09:30:01.400000,11.75,3600,0,S
order,000001.SZ,2016-05-04 09:30:01.420000,10.78,1000,0,S
order,000001.SZ,2016-05-04 09:30:01.420000,10.68,500,0,S
order,000001.SZ,2016-05-04 09:30:01.440000,11.0,5800,0,S
order,000001.SZ,2016-05-04 09:30:01.460000,10.63,4600,0,B
order,000001.SZ,2016-05-04 09:30:01.460000,11.75,7000,0,S
order,000001.SZ,2016-05-04 09:30:01.490000,10.64,3000,0,B
order,000001.SZ,2016-05-04 09:30:01.500000,10.74,100,0,S
order,000001.SZ,2016-05-04 09:30:01.500000,10.78,3800,0,S
order,000001.SZ,2016-05-04 09:30:01.500000,10.79,2000,0,S
order,000001.SZ,2016-05-04 09:30:01.540000,10.71,200,0,S
order,000001.SZ,2016-05-04 09:30:01.550000,10.68,39000,0,S
order,000001.SZ,2016-05-04 09:30:01.550000,10.68,10000,0,B
order,000001.SZ,2016-05-04 09:30:01.560000,10.57,800,0,B
order,000001.SZ,2016-05-04 09:30:01.580000,10.68,3600,0,S
order,000001.SZ,2016-05-04 09:30:01.580000,10.68,100,0,S
order,000001.SZ,2016-05-04 09:30:01.590000,10.72,300,0,S
order,000001.SZ,2016-05-04 09:30:01.610000,10.65,30000,0,B
order,000001.SZ,2016-05-04 09:30:01.620000,10.63,3000,0,B
order,000001.SZ,2016-05-04 09:30:01.620000,0.0,300,0,C
order,000001.SZ,2016-05-04 09:30:01.640000,10.64,1000,0,B
order,000001.SZ,2016-05-04 09:30:01.650000,10.69,3000,0,S
order,000001.SZ,2016-05-04 09:30:01.650000,10.68,6000,0,B
order,000001.SZ,2016-05-04 09:30:01.640000,0.0,11300,0,C
order,000001.SZ,2016-05-04 09:30:01.650000,10.45,300,0,B
order,000001.SZ,2016-05-04 09:30:01.650000,10.68,1000,0,B
order,000001.SZ,2016-05-04 09:30:01.660000,10.51,400,0,B
order,000001.SZ,2016-05-04 09:30:01.660000,10.6,4000,0,S
order,000001.SZ,2016-05-04 09:30:01.660000,10.7,1600,0,S
order,000001.SZ,2016-05-04 09:30:01.660000,10.73,2500,0,S
order,000001.SZ,2016-05-04 09:30:01.680000,10.8,40000,0,S
order,000001.SZ,2016-05-04 09:30:01.700000,11.75,300,0,S
order,000001.SZ,2016-05-04 09:30:01.710000,10.68,300,0,S
order,000001.SZ,2016-05-04 09:30:01.730000,10.62,3000,0,B
order,000001.SZ,2016-05-04 09:30:01.730000,10.8,2000,0,S
order,000001.SZ,2016-05-04 09:30:01.750000,10.8,500,0,S
order,000001.SZ,2016-05-04 09:30:01.760000,10.64,4000,0,B
order,000001.SZ,2016-05-04 09:30:01.770000,10.73,3000,0,S
order,000001.SZ,2016-05-04 09:30:01.780000,11.7,500,0,S
order,000001.SZ,2016-05-04 09:30:01.790000,11.75,2500,0,S
order,000001.SZ,2016-05-04 09:30:01.790000,10.59,1000,0,B
order,000001.SZ,2016-05-04 09:30:01.800000,11.45,500,0,S
order,000001.SZ,2016-05-04 09:30:01.800000,10.68,1000,0,S
order,000001.SZ,2016-05-04 09:30:01.840000,10.61,3000,0,B
order,000001.SZ,2016-05-04 09:30:01.840000,10.8,200,0,S
order,000001.SZ,2016-05-04 09:30:01.840000,11.08,500,0,S
order,000001.SZ,2016-05-04 09:30:01.850000,10.95,2000,0,S
order,000001.SZ,2016-05-04 09:30:01.850000,10.61,6700,0,B
order,000001.SZ,2016-05-04 09:30:01.870000,10.71,500,0,B
order,000001.SZ,2016-05-04 09:30:01.880000,0.0,300,0,C
order,000001.SZ,2016-05-04 09:30:01.880000,10.61,10000,0,B
order,000001.SZ,2016-05-04 09:30:01.880000,0.0,300,0,C
order,000001.SZ,2016-05-04 09:30:01.880000,10.62,1000,0,B
order,000001.SZ,2016-05-04 09:30:01.900000,10.61,1000,0,B
order,000001.SZ,2016-05-04 09:30:01.900000,10.76,10000,0,S
order,000001.SZ,2016-05-04 09:30:01.910000,10.72,1000,0,S
order,000001.SZ,2016-05-04 09:30:01.930000,10.92,1000,0,S
order,000001.SZ,2016-05-04 09:30:01.950000,10.63,2000,0,B
order,000001.SZ,2016-05-04 09:30:01.950000,10.77,300,0,S
order,000001.SZ,2016-05-04 09:30:01.970000,10.68,500,0,B
order,000001.SZ,2016-05-04 09:30:02.000000,10.69,600,0,B
order,000001.SZ,2016-05-04 09:30:02.010000,10.56,10000,0,B
order,000001.SZ,2016-05-04 09:30:02.020000,10.78,1000,0,S
order,000001.SZ,2016-05-04 09:30:02.020000,10.62,1000,0,B
order,000001.SZ,2016-05-04 09:30:02.030000,11.26,700,0,S
order,000001.SZ,2016-05-04 09:30:02.030000,11.5,2000,0,S
order,000001.SZ,2016-05-04 09:30:02.030000,11.3,300,0,S
order,000001.SZ,2016-05-04 09:30:02.050000,10.48,200,0,B
order,000001.SZ,2016-05-04 09:30:02.080000,10.71,10000,0,S
order,000001.SZ,2016-05-04 09:30:02.080000,10.6,1000,0,B
order,000001.SZ,2016-05-04 09:30:02.080000,10.84,500,0,S
order,000001.SZ,2016-05-04 09:30:02.090000,10.6,2500,0,B
order,000001.SZ,2016-05-04 09:30:02.090000,10.77,10000,0,S
order,000001.SZ,2016-05-04 09:30:02.110000,10.68,20000,0,S
order,000001.SZ,2016-05-04 09:30:02.150000,10.75,1100,0,S
order,000001.SZ,2016-05-04 09:30:02.150000,10.43,100,0,B
order,000001.SZ,2016-05-04 09:30:02.170000,10.75,100,0,S
order,000001.SZ,2016-05-04 09:30:02.170000,10.7,1000,0,S
order,000001.SZ,2016-05-04 09:30:02.170000,10.87,10000,0,S
order,000001.SZ,2016-05-04 09:30:02.170000,10.68,2000,0,S
order,000001.SZ,2016-05-04 09:30:02.180000,10.61,900,0,B
order,000001.SZ,2016-05-04 09:30:02.180000,10.51,1000,0,B
order,000001.SZ,2016-05-04 09:30:02.200000,10.85,1000,0,S
order,000001.SZ,2016-05-04 09:30:02.200000,10.74,100,0,S
order,000001.SZ,2016-05-04 09:30:02.200000,10.68,500,0,S
order,000001.SZ,2016-05-04 09:30:02.200000,10.85,1000,0,S
order,000001.SZ,2016-05-04 09:30:02.210000,10.75,5000,0,S
order,000001.SZ,2016-05-04 09:30:02.210000,10.73,1000,0,S
order,000001.SZ,2016-05-04 09:30:02.220000,10.85,1000,0,S
order,000001.SZ,2016-05-04 09:30:02.220000,10.68,500,0,S
order,000001.SZ,2016-05-04 09:30:02.230000,10.84,10000,0,S
order,000001.SZ,2016-05-04 09:30:02.240000,10.76,1000,0,S
order,000001.SZ,2016-05-04 09:30:02.240000,11.54,20000,0,S
order,000001.SZ,2016-05-04 09:30:02.250000,11.03,500,0,S
order,000001.SZ,2016-05-04 09:30:02.250000,10.68,400,0,S
order,000001.SZ,2016-05-04 09:30:02.250000,0.0,30000,0,C
order,000001.SZ,2016-05-04 09:30:02.250000,0.0,4000,0,C
order,000001.SZ,2016-05-04 09:30:02.270000,10.76,1300,0,S
order,000001.SZ,2016-05-04 09:30:02.300000,10.6,200,0,B
order,000001.SZ,2016-05-04 09:30:02.300000,0.0,15200,V,B
order,000001.SZ,2016-05-04 09:30:02.310000,10.64,500,0,B
order,000001.SZ,2016-05-04 09:30:02.340000,10.69,100,0,B
order,000001.SZ,2016-05-04 09:30:02.340000,10.61,500,0,B
order,000001.SZ,2016-05-04 09:30:02.360000,10.69,1000,0,B
order,000001.SZ,2016-05-04 09:30:02.360000,10.92,10000,0,S
order,000001.SZ,2016-05-04 09:30:02.370000,10.79,100,0,S
order,000001.SZ,2016-05-04 09:30:02.370000,10.6,100,0,B
order,000001.SZ,2016-05-04 09:30:02.380000,10.65,600,0,S
order,000001.SZ,2016-05-04 09:30:02.390000,10.41,400,0,B
order,000001.SZ,2016-05-04 09:30:02.410000,10.69,1000,0,B
order,000001.SZ,2016-05-04 09:30:02.420000,10.88,1000,0,S
order,000001.SZ,2016-05-04 09:30:02.420000,10.88,2000,0,S
order,000001.SZ,2016-05-04 09:30:02.430000,10.68,1600,0,S
order,000001.SZ,2016-05-04 09:30:02.440000,10.76,1000,0,S
order,000001.SZ,2016-05-04 09:30:02.440000,10.58,500,0,B
order,000001.SZ,2016-05-04 09:30:02.450000,11.68,500,0,S
order,000001.SZ,2016-05-04 09:30:02.450000,10.6,10000,0,B
order,000001.SZ,2016-05-04 09:30:02.450000,10.84,100,0,S
order,000001.SZ,2016-05-04 09:30:02.450000,10.96,900,0,S
order,000001.SZ,2016-05-04 09:30:02.470000,10.8,200,0,S
order,000001.SZ,2016-05-04 09:30:02.480000,10.78,1000,0,S
order,000001.SZ,2016-05-04 09:30:02.490000,11.7,800,0,S
order,000001.SZ,2016-05-04 09:30:02.490000,10.73,2000,0,S
order,000001.SZ,2016-05-04 09:30:02.480000,10.51,1500,0,B
order,000001.SZ,2016-05-04 09:30:02.510000,10.96,1000,0,S
order,000001.SZ,2016-05-04 09:30:02.500000,0.0,500,0,C
order,000001.SZ,2016-05-04 09:30:02.530000,10.52,200,0,B
order,000001.SZ,2016-05-04 09:30:02.520000,10.65,6300,0,B
order,000001.SZ,2016-05-04 09:30:02.520000,10.6,2000,0,B
order,000001.SZ,2016-05-04 09:30:02.530000,0.0,500,0,C
order,000001.SZ,2016-05-04 09:30:02.550000,10.68,3000,0,S
order,000001.SZ,2016-05-04 09:30:02.540000,0.0,1000,0,C
order,000001.SZ,2016-05-04 09:30:02.540000,10.63,1200,0,B
order,000001.SZ,2016-05-04 09:30:02.540000,10.71,800,0,S
order,000001.SZ,2016-05-04 09:30:02.540000,10.97,10000,0,S
order,000001.SZ,2016-05-04 09:30:02.560000,10.5,3000,0,B
order,000001.SZ,2016-05-04 09:30:02.560000,10.63,2000,0,B
order,000001.SZ,2016-05-04 09:30:02.560000,10.69,2600,0,S
order,000001.SZ,2016-05-04 09:30:02.570000,10.9,800,0,S
order,000001.SZ,2016-05-04 09:30:02.570000,11.38,1000,0,S
order,000001.SZ,2016-05-04 09:30:02.590000,10.74,1000,0,S
order,000001.SZ,2016-05-04 09:30:02.590000,10.78,1000,0,S
order,000001.SZ,2016-05-04 09:30:02.590000,10.89,100,0,S
order,000001.SZ,2016-05-04 09:30:02.590000,11.68,1000,0,S
order,000001.SZ,2016-05-04 09:30:02.610000,10.72,900,0,S
order,000001.SZ,2016-05-04 09:30:02.620000,10.79,200,0,B
order,000001.SZ,2016-05-04 09:30:02.630000,10.75,400,0,S
order,000001.SZ,2016-05-04 09:30:02.640000,10.69,700,0,B
order,000001.SZ,2016-05-04 09:30:02.630000,10.72,700,0,S
order,000001.SZ,2016-05-04 09:30:02.660000,10.75,2500,0,S
order,000001.SZ,2016-05-04 09:30:02.660000,10.76,1000,0,S
order,000001.SZ,2016-05-04 09:30:02.680000,10.68,200,0,B
order,000001.SZ,2016-05-04 09:30:02.680000,10.68,2000,0,B
order,000001.SZ,2016-05-04 09:30:02.690000,11.28,500,0,S
order,000001.SZ,2016-05-04 09:30:02.690000,0.0,2100,0,C
order,000001.SZ,2016-05-04 09:30:02.700000,10.62,2500,0,B
order,000001.SZ,2016-05-04 09:30:02.700000,11.75,200,0,S
order,000001.SZ,2016-05-04 09:30:02.710000,10.75,3000,0,S
order,000001.SZ,2016-05-04 09:30:02.720000,0.0,500,0,C
order,000001.SZ,2016-05-04 09:30:02.720000,10.87,3120,0,S
order,000001.SZ,2016-05-04 09:30:02.730000,10.69,100,0,B
order,000001.SZ,2016-05-04 09:30:02.720000,10.68,14100,0,S
order,000001.SZ,2016-05-04 09:30:02.730000,0.0,1000,0,C
order,000001.SZ,2016-05-04 09:30:02.730000,10.64,900,0,B
order,000001.SZ,2016-05-04 09:30:02.750000,0.0,500,0,C
order,000001.SZ,2016-05-04 09:30:02.750000,10.68,2000,0,S
order,000001.SZ,2016-05-04 09:30:02.760000,10.74,100,0,S
order,000001.SZ,2016-05-04 09:30:02.780000,11.5,400,0,S
order,000001.SZ,2016-05-04 09:30:02.780000,10.5,2000,0,B
order,000001.SZ,2016-05-04 09:30:02.790000,10.96,200,0,S
order,000001.SZ,2016-05-04 09:30:02.820000,11.75,15000,0,S
order,000001.SZ,2016-05-04 09:30:02.830000,10.65,10000,0,B
order,000001.SZ,2016-05-04 09:30:02.830000,10.69,500,0,S
order,000001.SZ,2016-05-04 09:30:02.840000,10.75,100,0,S
order,000001.SZ,2016-05-04 09:30:02.840000,11.75,500,0,S
order,000001.SZ,2016-05-04 09:30:02.850000,10.69,2000,0,B
order,000001.SZ,2016-05-04 09:30:02.850000,10.6,400,0,B
order,000001.SZ,2016-05-04 09:30:02.850000,10.51,3000,0,B
order,000001.SZ,2016-05-04 09:30:02.870000,10.51,1000,0,B
order,000001.SZ,2016-05-04 09:30:02.870000,10.71,2000,0,S
order,000001.SZ,2016-05-04 09:30:02.870000,10.71,1000,0,S
order,000001.SZ,2016-05-04 09:30:02.870000,10.5,600,0,B
order,000001.SZ,2016-05-04 09:30:02.880000,10.79,100,0,S
order,000001.SZ,2016-05-04 09:30:02.880000,10.59,2000,0,B
order,000001.SZ,2016-05-04 09:30:02.900000,10.68,27500,0,S
order,000001.SZ,2016-05-04 09:30:02.900000,11.0,500,0,S
order,000001.SZ,2016-05-04 09:30:02.910000,10.52,300,0,B
order,000001.SZ,2016-05-04 09:30:02.910000,10.98,1000,0,S
order,000001.SZ,2016-05-04 09:30:02.920000,10.7,25700,0,S
order,000001.SZ,2016-05-04 09:30:02.930000,10.99,1000,0,S
order,000001.SZ,2016-05-04 09:30:02.940000,10.71,1700,0,S
order,000001.SZ,2016-05-04 09:30:02.940000,9.61,4200,0,B
order,000001.SZ,2016-05-04 09:30:02.940000,10.68,2000,0,S
order,000001.SZ,2016-05-04 09:30:02.950000,11.06,3300,0,S
order,000001.SZ,2016-05-04 09:30:02.990000,10.77,20000,0,S
order,000001.SZ,2016-05-04 09:30:03.000000,0.0,300,0,C
order,000001.SZ,2016-05-04 09:30:03.030000,10.31,700,0,B
order,000001.SZ,2016-05-04 09:30:03.030000,10.75,15000,0,S
order,000001.SZ,2016-05-04 09:30:03.030000,10.58,1000,0,B
order,000001.SZ,2016-05-04 09:30:03.040000,10.5,500,0,B
order,000001.SZ,2016-05-04 09:30:03.050000,10.69,2000,0,S
order,000001.SZ,2016-05-04 09:30:03.050000,10.61,1700,0,B
order,000001.SZ,2016-05-04 09:30:03.040000,0.0,500,0,C
order,000001.SZ,2016-05-04 09:30:03.060000,10.8,100,0,S
order,000001.SZ,2016-05-04 09:30:03.070000,11.75,100,0,S
order,000001.SZ,2016-05-04 09:30:03.070000,10.77,2000,0,S
order,000001.SZ,2016-05-04 09:30:03.070000,10.68,1000,0,B
order,000001.SZ,2016-05-04 09:30:03.090000,11.49,500,0,S
order,000001.SZ,2016-05-04 09:30:03.110000,10.67,50000,0,B
order,000001.SZ,2016-05-04 09:30:03.110000,10.67,21400,0,B
order,000001.SZ,2016-05-04 09:30:03.130000,10.88,2000,0,S
order,000001.SZ,2016-05-04 09:30:03.140000,0.0,1700,0,C
order,000001.SZ,2016-05-04 09:30:03.140000,11.14,500,0,S
order,000001.SZ,2016-05-04 09:30:03.140000,10.68,500,0,S
order,000001.SZ,2016-05-04 09:30:03.150000,10.97,3000,0,S
order,000001.SZ,2016-05-04 09:30:03.160000,11.4,2000,0,S
order,000001.SZ,2016-05-04 09:30:03.160000,10.79,10000,0,S
order,000001.SZ,2016-05-04 09:30:03.160000,10.68,300,0,S
order,000001.SZ,2016-05-04 09:30:03.170000,10.76,1600,0,S
order,000001.SZ,2016-05-04 09:30:03.170000,0.0,500,0,C
order,000001.SZ,2016-05-04 09:30:03.170000,0.0,1800,0,C
order,000001.SZ,2016-05-04 09:30:03.170000,10.68,20000,0,S
order,000001.SZ,2016-05-04 09:30:03.180000,10.6,300,0,B
order,000001.SZ,2016-05-04 09:30:03.180000,10.68,1000,0,B
order,000001.SZ,2016-05-04 09:30:03.190000,10.82,100,0,B
order,000001.SZ,2016-05-04 09:30:03.210000,10.66,7500,0,B
order,000001.SZ,2016-05-04 09:30:03.210000,0.0,100,0,C
order,000001.SZ,2016-05-04 09:30:03.210000,10.71,2500,0,S
order,000001.SZ,2016-05-04 09:30:03.210000,10.68,5000,0,S
order,000001.SZ,2016-05-04 09:30:03.210000,10.42,300,0,B
order,000001.SZ,2016-05-04 09:30:03.230000,10.71,46000,0,S
order,000001.SZ,2016-05-04 09:30:03.250000,10.67,2000,0,S
order,000001.SZ,2016-05-04 09:30:03.260000,10.68,1000,0,S
order,000001.SZ,2016-05-04 09:30:03.270000,10.85,9420,0,S
order,000001.SZ,2016-05-04 09:30:03.270000,10.42,1000,0,B
order,000001.SZ,2016-05-04 09:30:03.270000,10.62,1300,0,B
order,000001.SZ,2016-05-04 09:30:03.270000,10.72,1100,0,S
order,000001.SZ,2016-05-04 09:30:03.270000,11.28,500,0,S
order,000001.SZ,2016-05-04 09:30:03.280000,10.68,2000,0,S
order,000001.SZ,2016-05-04 09:30:03.280000,10.85,900,0,S
order,000001.SZ,2016-05-04 09:30:03.290000,10.84,10000,0,S
order,000001.SZ,2016-05-04 09:30:03.300000,10.75,1000,0,S
order,000001.SZ,2016-05-04 09:30:03.310000,0.0,500,0,C
order,000001.SZ,2016-05-04 09:30:03.350000,10.51,2000,0,B
order,000001.SZ,2016-05-04 09:30:03.350000,10.67,1000,0,B
order,000001.SZ,2016-05-04 09:30:03.350000,10.58,1000,0,B
order,000001.SZ,2016-05-04 09:30:03.350000,10.83,1700,0,S
order,000001.SZ,2016-05-04 09:30:03.350000,10.61,5000,0,B
order,000001.SZ,2016-05-04 09:30:03.360000,10.51,2000,0,B
order,000001.SZ,2016-05-04 09:30:03.370000,10.69,800,0,S
order,000001.SZ,2016-05-04 09:30:03.370000,10.9,700,0,S
order,000001.SZ,2016-05-04 09:30:03.390000,10.63,10000,0,B
order,000001.SZ,2016-05-04 09:30:03.390000,10.68,101600,0,S
order,000001.SZ,2016-05-04 09:30:03.390000,10.88,1000,0,S
order,000001.SZ,2016-05-04 09:30:03.400000,10.79,1400,0,S
order,000001.SZ,2016-05-04 09:30:03.410000,10.71,25000,0,S
order,000001.SZ,2016-05-04 09:30:03.410000,10.99,1000,0,S
order,000001.SZ,2016-05-04 09:30:03.420000,10.8,600,0,S
order,000001.SZ,2016-05-04 09:30:03.430000,10.67,600,0,S
order,000001.SZ,2016-05-04 09:30:03.440000,10.69,100,0,S
order,000001.SZ,2016-05-04 09:30:03.450000,10.79,200,0,S
order,000001.SZ,2016-05-04 09:30:03.450000,10.68,2000,0,S
order,000001.SZ,2016-05-04 09:30:03.450000,10.62,2000,0,B
order,000001.SZ,2016-05-04 09:30:03.450000,10.58,3600,0,B
order,000001.SZ,2016-05-04 09:30:03.450000,10.89,10000,0,S
order,000001.SZ,2016-05-04 09:30:03.450000,10.68,1000,0,B
order,000001.SZ,2016-05-04 09:30:03.450000,10.68,20000,0,S
order,000001.SZ,2016-05-04 09:30:03.450000,10.68,10300,0,S
order,000001.SZ,2016-05-04 09:30:03.460000,10.52,200,0,B
order,000001.SZ,2016-05-04 09:30:03.470000,0.0,500,0,C
order,000001.SZ,2016-05-04 09:30:03.490000,10.55,1000,0,B
order,000001.SZ,2016-05-04 09:30:03.500000,10.65,54800,0,B
order,000001.SZ,2016-05-04 09:30:03.500000,10.98,400,0,S
order,000001.SZ,2016-05-04 09:30:03.510000,0.0,500,0,C
order,000001.SZ,2016-05-04 09:30:03.510000,10.61,800,0,B
order,000001.SZ,2016-05-04 09:30:03.530000,10.94,10000,0,S
order,000001.SZ,2016-05-04 09:30:03.540000,10.68,1500,0,S
order,000001.SZ,2016-05-04 09:30:03.540000,10.58,2000,0,B
order,000001.SZ,2016-05-04 09:30:03.540000,0.0,500,0,C
order,000001.SZ,2016-05-04 09:30:03.550000,10.58,1000,0,B
order,000001.SZ,2016-05-04 09:30:03.560000,10.69,18700,0,B
order,000001.SZ,2016-05-04 09:30:03.570000,10.45,10000,0,B
order,000001.SZ,2016-05-04 09:30:03.610000,10.68,500,0,B
order,000001.SZ,2016-05-04 09:30:03.620000,10.72,500,0,S
order,000001.SZ,2016-05-04 09:30:03.620000,10.66,100,0,B
order,000001.SZ,2016-05-04 09:30:03.620000,10.4,200,0,B
order,000001.SZ,2016-05-04 09:30:03.620000,10.64,1000,0,B
order,000001.SZ,2016-05-04 09:30:03.640000,10.99,10000,0,S
order,000001.SZ,2016-05-04 09:30:03.640000,9.61,2100,0,B
order,000001.SZ,2016-05-04 09:30:03.650000,10.89,1800,0,S
order,000001.SZ,2016-05-04 09:30:03.670000,10.55,1000,0,B
order,000001.SZ,2016-05-04 09:30:03.700000,10.82,1000,0,S
order,000001.SZ,2016-05-04 09:30:03.700000,10.68,1000,0,S
order,000001.SZ,2016-05-04 09:30:03.710000,10.6,20000,0,B
order,000001.SZ,2016-05-04 09:30:03.730000,10.6,500,0,B
order,000001.SZ,2016-05-04 09:30:03.760000,0.0,500,0,C
order,000001.SZ,2016-05-04 09:30:03.760000,10.74,35900,0,S
order,000001.SZ,2016-05-04 09:30:03.760000,9.61,4000,0,B
order,000001.SZ,2016-05-04 09:30:03.770000,10.61,2000,0,B
order,000001.SZ,2016-05-04 09:30:03.770000,10.46,5000,0,B
order,000001.SZ,2016-05-04 09:30:03.790000,11.1,1000,0,S
order,000001.SZ,2016-05-04 09:30:03.800000,10.98,25828,0,S
order,000001.SZ,2016-05-04 09:30:03.800000,10.55,1000,0,B
order,000001.SZ,2016-05-04 09:30:03.810000,10.85,200,0,S
order,000001.SZ,2016-05-04 09:30:03.810000,10.78,2500,0,S
order,000001.SZ,2016-05-04 09:30:03.820000,10.87,1700,0,S
order,000001.SZ,2016-05-04 09:30:03.820000,0.0,500,0,C
order,000001.SZ,2016-05-04 09:30:03.840000,10.4,100,0,B
order,000001.SZ,2016-05-04 09:30:03.840000,10.9,1100,0,S
order,000001.SZ,2016-05-04 09:30:03.850000,10.75,1000,0,S
order,000001.SZ,2016-05-04 09:30:03.870000,10.48,1000,0,B
order,000001.SZ,2016-05-04 09:30:03.880000,10.9,1000,0,S
order,000001.SZ,2016-05-04 09:30:03.900000,0.0,500,0,C
order,000001.SZ,2016-05-04 09:30:03.900000,10.58,1000,0,B
order,000001.SZ,2016-05-04 09:30:03.910000,11.75,300,0,S
order,000001.SZ,2016-05-04 09:30:03.920000,10.75,1000,0,S
order,000001.SZ,2016-05-04 09:30:03.940000,10.68,500,0,S
order,000001.SZ,2016-05-04 09:30:03.960000,10.72,500,0,S
order,000001.SZ,2016-05-04 09:30:03.970000,10.3,1000,0,B
order,000001.SZ,2016-05-04 09:30:03.980000,9.61,3500,0,B
order,000001.SZ,2016-05-04 09:30:03.980000,10.73,10000,0,S
order,000001.SZ,2016-05-04 09:30:04.000000,10.68,1000,0,B
order,000001.SZ,2016-05-04 09:30:04.000000,10.46,1000,0,B
order,000001.SZ,2016-05-04 09:30:04.030000,10.7,2200,0,B
order,000001.SZ,2016-05-04 09:30:04.040000,10.68,2000,0,S
order,000001.SZ,2016-05-04 09:30:04.040000,10.68,3700,0,B
order,000001.SZ,2016-05-04 09:30:04.040000,11.05,600,0,S
order,000001.SZ,2016-05-04 09:30:04.050000,10.71,5000,0,S
order,000001.SZ,2016-05-04 09:30:04.060000,10.54,80000,0,B
order,000001.SZ,2016-05-04 09:30:04.060000,10.74,46100,0,S
order,000001.SZ,2016-05-04 09:30:04.070000,10.79,2000,0,S
order,000001.SZ,2016-05-04 09:30:04.070000,11.75,7000,0,S
order,000001.SZ,2016-05-04 09:30:04.070000,10.55,5100,0,B
order,000001.SZ,2016-05-04 09:30:04.070000,10.57,2000,0,B
order,000001.SZ,2016-05-04 09:30:04.080000,10.68,2000,0,S
order,000001.SZ,2016-05-04 09:30:04.100000,0.0,1000,0,C
order,000001.SZ,2016-05-04 09:30:04.100000,10.68,100000,0,S
order,000001.SZ,2016-05-04 09:30:04.110000,10.55,1000,0,B
order,000001.SZ,2016-05-04 09:30:04.150000,10.61,600,0,B
order,000001.SZ,2016-05-04 09:30:04.160000,0.0,200,0,C
order,000001.SZ,2016-05-04 09:30:04.160000,11.75,500,0,S
order,000001.SZ,2016-05-04 09:30:04.170000,10.68,1000,0,S
order,000001.SZ,2016-05-04 09:30:04.170000,10.68,1400,0,S
order,000001.SZ,2016-05-04 09:30:04.170000,11.16,600,0,S
order,000001.SZ,2016-05-04 09:30:04.180000,10.69,10000,0,B
order,000001.SZ,2016-05-04 09:30:04.190000,11.6,200,0,S
order,000001.SZ,2016-05-04 09:30:04.240000,0.0,200,0,C
order,000001.SZ,2016-05-04 09:30:04.280000,10.74,2000,0,S
order,000001.SZ,2016-05-04 09:30:04.290000,10.76,900,0,S
order,000001.SZ,2016-05-04 09:30:04.300000,10.63,100,0,B
order,000001.SZ,2016-05-04 09:30:04.310000,10.65,2000,0,B
order,000001.SZ,2016-05-04 09:30:04.340000,10.68,800,0,S
order,000001.SZ,2016-05-04 09:30:04.340000,0.0,800,0,C
order,000001.SZ,2016-05-04 09:30:04.350000,10.68,1000,0,S
order,000001.SZ,2016-05-04 09:30:04.350000,10.59,700,0,B
order,000001.SZ,2016-05-04 09:30:04.350000,0.0,1000,0,C
order,000001.SZ,2016-05-04 09:30:04.390000,10.52,500,0,B
order,000001.SZ,2016-05-04 09:30:04.410000,10.73,2800,0,S
order,000001.SZ,2016-05-04 09:30:04.420000,0.0,500,0,C
order,000001.SZ,2016-05-04 09:30:04.430000,0.0,1000,0,C
order,000001.SZ,2016-05-04 09:30:04.440000,10.53,3000,0,B
order,000001.SZ,2016-05-04 09:30:04.460000,10.71,1000,0,S
order,000001.SZ,2016-05-04 09:30:04.480000,10.6,2000,0,B
order,000001.SZ,2016-05-04 09:30:04.480000,0.0,1000,0,C
order,000001.SZ,2016-05-04 09:30:04.510000,10.69,700,0,B
order,000001.SZ,2016-05-04 09:30:04.520000,10.68,100000,0,S
order,000001.SZ,2016-05-04 09:30:04.520000,10.68,400,0,S
order,000001.SZ,2016-05-04 09:30:04.540000,10.55,1000,0,B
order,000001.SZ,2016-05-04 09:30:04.540000,10.71,500,0,S
order,000001.SZ,2016-05-04 09:30:04.570000,10.8,500,0,S
order,000001.SZ,2016-05-04 09:30:04.610000,10.89,1000,0,S
order,000001.SZ,2016-05-04 09:30:04.630000,10.75,1000,0,S
order,000001.SZ,2016-05-04 09:30:04.640000,10.69,5000,0,B
order,000001.SZ,2016-05-04 09:30:04.670000,10.71,2500,0,S
order,000001.SZ,2016-05-04 09:30:04.740000,11.7,900,0,S
order,000001.SZ,2016-05-04 09:30:04.800000,10.7,1600,0,S
order,000001.SZ,2016-05-04 09:30:04.860000,10.75,3000,0,S
order,000001.SZ,2016-05-04 09:30:04.910000,0.0,2200,0,C
order,000001.SZ,2016-05-04 09:30:04.960000,10.74,1000,0,S
order,000001.SZ,2016-05-04 09:30:04.970000,10.6,1000,0,B
order,000001.SZ,2016-05-04 09:30:05.000000,10.73,600,0,S
order,000001.SZ,2016-05-04 09:30:05.020000,10.65,2000,0,B
order,000001.SZ,2016-05-04 09:30:05.030000,11.75,14100,0,B
order,000001.SZ,2016-05-04 09:30:05.070000,10.72,1600,0,S
order,000001.SZ,2016-05-04 09:30:05.160000,10.47,500,0,S
order,000001.SZ,2016-05-04 09:30:05.200000,10.72,1000,0,S
order,000001.SZ,2016-05-04 09:30:06.010000,11.42,500,0,S
order,000001.SZ,2016-05-04 09:30:07.310000,11.03,3000,0,S
order,000001.SZ,2016-05-04 09:30:07.730000,10.63,1000,0,B
order,000001.SZ,2016-05-04 09:30:08.150000,10.51,600,0,B
order,000001.SZ,2016-05-04 09:30:08.300000,10.69,13300,0,B
order,000001.SZ,2016-05-04 09:30:08.910000,10.88,3000,0,S
order,000001.SZ,2016-05-04 09:30:09.240000,10.71,1000,0,S
order,000001.SZ,2016-05-04 09:30:09.750000,10.98,1000,0,S
order,000001.SZ,2016-05-04 09:30:09.760000,10.68,9700,0,S
order,000001.SZ,2016-05-04 09:30:11.650000,10.73,1000,0,S
order,000001.SZ,2016-05-04 09:30:11.650000,10.58,1600,0,B
order,000001.SZ,2016-05-04 09:30:11.700000,10.88,1000,0,S
order,000001.SZ,2016-05-04 09:30:12.020000,10.76,2200,0,S
order,000001.SZ,2016-05-04 09:30:12.150000,10.65,1500,0,S
order,000001.SZ,2016-05-04 09:30:12.260000,10.67,100,0,S
order,000001.SZ,2016-05-04 09:30:12.860000,10.84,100,0,S
order,000001.SZ,2016-05-04 09:30:13.200000,10.98,400,0,S
order,000001.SZ,2016-05-04 09:30:13.320000,10.68,500,0,S
order,000001.SZ,2016-05-04 09:30:14.890000,10.52,500,0,B
order,000001.SZ,2016-05-04 09:30:15.640000,10.68,800,0,S
order,000001.SZ,2016-05-04 09:30:16.140000,10.68,1000,0,B
order,000001.SZ,2016-05-04 09:30:16.760000,10.68,1500,0,S
order,000001.SZ,2016-05-04 09:30:17.370000,10.67,3000,0,B
order,000001.SZ,2016-05-04 09:30:17.680000,11.02,3500,0,S
order,000001.SZ,2016-05-04 09:30:17.780000,11.75,1000,0,S
order,000001.SZ,2016-05-04 09:30:18.100000,10.67,5000,0,S
order,000001.SZ,2016-05-04 09:30:18.630000,10.56,500,0,B
order,000001.SZ,2016-05-04 09:30:19.060000,10.58,1000,0,B
order,000001.SZ,2016-05-04 09:30:19.870000,0.0,4000,V,B
order,000001.SZ,2016-05-04 09:30:20.880000,10.67,500,0,S
order,000001.SZ,2016-05-04 09:30:21.690000,10.8,1600,0,S
order,000001.SZ,2016-05-04 09:30:21.950000,11.0,200,0,S
order,000001.SZ,2016-05-04 09:30:22.200000,10.88,1900,0,S
order,000001.SZ,2016-05-04 09:30:22.630000,10.71,200,0,S
order,000001.SZ,2016-05-04 09:30:23.050000,10.57,1600,0,B
order,000001.SZ,2016-05-04 09:30:24.560000,11.56,500,0,S
order,000001.SZ,2016-05-04 09:30:25.200000,0.0,5000,0,C
order,000001.SZ,2016-05-04 09:30:25.400000,0.0,31100,0,C
order,000001.SZ,2016-05-04 09:30:25.470000,10.7,5000,0,S
order,000001.SZ,2016-05-04 09:30:25.570000,0.0,1500,0,C
order,000001.SZ,2016-05-04 09:30:26.110000,10.74,100,0,S
order,000001.SZ,2016-05-04 09:30:26.550000,10.65,17400,0,B
order,000001.SZ,2016-05-04 09:30:26.570000,10.68,5100,0,S
order,000001.SZ,2016-05-04 09:30:27.000000,10.41,600,0,B
order,000001.SZ,2016-05-04 09:30:27.030000,10.67,2000,0,S
order,000001.SZ,2016-05-04 09:30:27.580000,10.55,700,0,B
order,000001.SZ,2016-05-04 09:30:28.160000,10.69,1000,0,B
order,000001.SZ,2016-05-04 09:30:28.990000,10.78,2000,0,S
order,000001.SZ,2016-05-04 09:30:29.730000,0.0,1000,0,C
order,000001.SZ,2016-05-04 09:30:30.130000,10.68,800,0,S
order,000001.SZ,2016-05-04 09:30:30.460000,10.46,500,0,S
order,000001.SZ,2016-05-04 09:30:30.580000,9.65,17300,0,B
order,000001.SZ,2016-05-04 09:30:30.940000,11.5,200,0,S
order,000001.SZ,2016-05-04 09:30:31.170000,10.58,1000,0,B
order,000001.SZ,2016-05-04 09:30:31.370000,0.0,100,0,C
order,000001.SZ,2016-05-04 09:30:31.640000,11.75,26500,0,B
order,000001.SZ,2016-05-04 09:30:31.830000,11.5,400,0,S
order,000001.SZ,2016-05-04 09:30:32.120000,10.61,2000,0,B
order,000001.SZ,2016-05-04 09:30:32.160000,0.0,3000,0,C
order,000001.SZ,2016-05-04 09:30:32.420000,10.68,3000,0,B
order,000001.SZ,2016-05-04 09:30:32.700000,10.68,2500,0,B
order,000001.SZ,2016-05-04 09:30:33.460000,10.56,1600,0,B
order,000001.SZ,2016-05-04 09:30:33.580000,0.0,4900,0,C
order,000001.SZ,2016-05-04 09:30:34.050000,0.0,300,0,C
order,000001.SZ,2016-05-04 09:30:34.100000,0.0,300,0,C
order,000001.SZ,2016-05-04 09:30:34.100000,0.0,400,0,C
order,000001.SZ,2016-05-04 09:30:34.160000,0.0,300,0,C
order,000001.SZ,2016-05-04 09:30:34.530000,10.78,1500,0,S
order,000001.SZ,2016-05-04 09:30:34.710000,10.54,2000,0,B
order,000001.SZ,2016-05-04 09:30:34.980000,10.85,5000,0,S
order,000001.SZ,2016-05-04 09:30:35.480000,10.79,100,0,S
order,000001.SZ,2016-05-04 09:30:35.700000,10.74,200,0,S
order,000001.SZ,2016-05-04 09:30:36.420000,10.8,1000,0,S
order,000001.SZ,2016-05-04 09:30:36.430000,0.0,1700,0,C
order,000001.SZ,2016-05-04 09:30:36.490000,0.0,1600,0,C
order,000001.SZ,2016-05-04 09:30:36.540000,10.68,10000,0,B
order,000001.SZ,2016-05-04 09:30:36.760000,11.0,800,0,S
order,000001.SZ,2016-05-04 09:30:36.890000,10.63,500,0,B
order,000001.SZ,2016-05-04 09:30:37.160000,10.38,500,0,B
order,000001.SZ,2016-05-04 09:30:38.020000,10.68,100,0,B
order,000001.SZ,2016-05-04 09:30:38.750000,10.71,20000,0,B
order,000001.SZ,2016-05-04 09:30:38.770000,10.99,800,0,S
order,000001.SZ,2016-05-04 09:30:40.350000,10.67,3000,0,S
order,000001.SZ,2016-05-04 09:30:41.260000,10.67,54900,0,S
order,000001.SZ,2016-05-04 09:30:41.420000,10.66,1000,0,S
order,000001.SZ,2016-05-04 09:30:42.680000,11.75,100,0,S
order,000001.SZ,2016-05-04 09:30:43.420000,10.71,5500,0,B
order,000001.SZ,2016-05-04 09:30:43.630000,10.67,5000,0,S
order,000001.SZ,2016-05-04 09:30:43.970000,10.5,2200,0,B
order,000001.SZ,2016-05-04 09:30:44.510000,10.95,1000,0,S
order,000001.SZ,2016-05-04 09:30:44.570000,11.09,800,0,S
order,000001.SZ,2016-05-04 09:30:44.680000,10.95,100,0,S
order,000001.SZ,2016-05-04 09:30:44.690000,10.55,1600,0,B
order,000001.SZ,2016-05-04 09:30:44.840000,10.51,900,0,B
order,000001.SZ,2016-05-04 09:30:44.850000,10.78,200,0,S
order,000001.SZ,2016-05-04 09:30:44.940000,10.41,3000,0,B
order,000001.SZ,2016-05-04 09:30:44.970000,10.67,1000,0,B
order,000001.SZ,2016-05-04 09:30:45.150000,10.67,100,0,B
order,000001.SZ,2016-05-04 09:30:45.160000,10.68,400,0,B
order,000001.SZ,2016-05-04 09:30:45.580000,10.84,100,0,S
order,000001.SZ,2016-05-04 09:30:46.110000,10.67,5000,0,S
order,000001.SZ,2016-05-04 09:30:46.700000,10.68,500,0,B
order,000001.SZ,2016-05-04 09:30:47.020000,10.85,500,0,S
order,000001.SZ,2016-05-04 09:30:47.170000,10.7,5600,0,S
order,000001.SZ,2016-05-04 09:30:47.330000,10.67,1200,0,S
order,000001.SZ,2016-05-04 09:30:47.360000,10.68,300,0,S
order,000001.SZ,2016-05-04 09:30:47.670000,10.69,1000,0,S
order,000001.SZ,2016-05-04 09:30:48.430000,10.67,400,0,S
order,000001.SZ,2016-05-04 09:30:48.800000,11.7,500,0,S
order,000001.SZ,2016-05-04 09:30:49.510000,0.0,4000,0,C
order,000001.SZ,2016-05-04 09:30:49.850000,11.0,800,0,S
order,000001.SZ,2016-05-04 09:30:50.340000,10.69,400,0,B
order,000001.SZ,2016-05-04 09:30:51.030000,10.68,100,0,B
order,000001.SZ,2016-05-04 09:30:51.390000,10.56,2000,0,B
order,000001.SZ,2016-05-04 09:30:51.770000,0.0,1700,0,C
order,000001.SZ,2016-05-04 09:30:52.160000,10.76,600,0,S
order,000001.SZ,2016-05-04 09:30:52.780000,10.6,700,0,B
order,000001.SZ,2016-05-04 09:30:52.870000,10.65,2800,0,B
order,000001.SZ,2016-05-04 09:30:53.300000,10.9,2100,0,S
order,000001.SZ,2016-05-04 09:30:53.580000,10.67,2800,0,B
order,000001.SZ,2016-05-04 09:30:53.790000,10.78,1200,0,S
order,000001.SZ,2016-05-04 09:30:54.580000,10.67,700,0,S
order,000001.SZ,2016-05-04 09:30:55.050000,10.62,2000,0,B
order,000001.SZ,2016-05-04 09:30:55.430000,10.75,500,0,S
order,000001.SZ,2016-05-04 09:30:55.860000,10.69,700,0,B
order,000001.SZ,2016-05-04 09:30:56.320000,10.8,3000,0,S
order,000001.SZ,2016-05-04 09:30:56.660000,10.67,1000,0,S
order,000001.SZ,2016-05-04 09:30:56.680000,10.63,3000,0,B
order,000001.SZ,2016-05-04 09:30:56.720000,10.72,2000,0,S
order,000001.SZ,2016-05-04 09:30:56.890000,10.61,500,0,B
order,000001.SZ,2016-05-04 09:30:57.140000,10.67,2000,0,S
order,000001.SZ,2016-05-04 09:30:57.370000,10.67,1000,0,S
order,000001.SZ,2016-05-04 09:30:57.610000,10.67,500,0,S
order,000001.SZ,2016-05-04 09:30:58.480000,10.8,10000,0,S
order,000001.SZ,2016-05-04 09:30:58.610000,10.68,2600,0,B
order,000001.SZ,2016-05-04 09:30:59.030000,0.0,400,0,C
order,000001.SZ,2016-05-04 09:30:59.380000,10.69,700,0,B
order,000001.SZ,2016-05-04 09:30:59.490000,10.63,300,0,B
order,000001.SZ,2016-05-04 09:30:59.650000,20.26,1000,0,B
order,000001.SZ,2016-05-04 09:30:59.840000,10.47,500,0,S
order,000001.SZ,2016-05-04 09:31:00.510000,10.67,200,0,B
order,000001.SZ,2016-05-04 09:31:00.520000,10.67,24800,0,S
order,000001.SZ,2016-05-04 09:31:00.570000,10.69,1300,0,B
order,000001.SZ,2016-05-04 09:31:00.700000,10.67,1500,0,B
order,000001.SZ,2016-05-04 09:31:01.030000,10.69,100,0,B
order,000001.SZ,2016-05-04 09:31:01.370000,10.38,2000,0,B
order,000001.SZ,2016-05-04 09:31:01.390000,10.8,10000,0,S
order,000001.SZ,2016-05-04 09:31:01.400000,10.6,2000,0,B
order,000001.SZ,2016-05-04 09:31:01.600000,10.68,500,0,S
order,000001.SZ,2016-05-04 09:31:01.650000,11.75,13800,0,B
order,000001.SZ,2016-05-04 09:31:02.090000,10.88,400,0,S
order,000001.SZ,2016-05-04 09:31:02.110000,10.62,800,0,S
order,000001.SZ,2016-05-04 09:31:02.300000,10.68,5000,0,S
order,000001.SZ,2016-05-04 09:31:02.340000,10.67,10000,0,B
order,000001.SZ,2016-05-04 09:31:03.100000,10.68,2700,0,B
order,000001.SZ,2016-05-04 09:31:03.110000,10.6,5000,0,B
order,000001.SZ,2016-05-04 09:31:03.360000,10.68,300,0,S
order,000001.SZ,2016-05-04 09:31:03.610000,10.68,700,0,B
order,000001.SZ,2016-05-04 09:31:04.060000,10.88,900,0,S
order,000001.SZ,2016-05-04 09:31:04.640000,10.68,2000,0,S
order,000001.SZ,2016-05-04 09:31:04.820000,10.66,1000,0,B
order,000001.SZ,2016-05-04 09:31:04.850000,0.0,300,0,C
order,000001.SZ,2016-05-04 09:31:05.100000,0.0,1900,V,B
order,000001.SZ,2016-05-04 09:31:06.560000,10.61,5000,0,B
order,000001.SZ,2016-05-04 09:31:06.580000,10.68,4000,0,S
order,000001.SZ,2016-05-04 09:31:06.590000,10.53,3000,0,B
order,000001.SZ,2016-05-04 09:31:06.910000,11.75,20000,0,S
order,000001.SZ,2016-05-04 09:31:07.040000,0.0,7200,V,B
order,000001.SZ,2016-05-04 09:31:07.190000,10.66,2000,0,B
order,000001.SZ,2016-05-04 09:31:07.760000,10.68,1000,0,S
order,000001.SZ,2016-05-04 09:31:08.150000,10.8,400,0,S
order,000001.SZ,2016-05-04 09:31:08.220000,9.68,1000,0,B
order,000001.SZ,2016-05-04 09:31:08.690000,10.64,2400,0,B
order,000001.SZ,2016-05-04 09:31:08.770000,0.0,10000,0,C
order,000001.SZ,2016-05-04 09:31:08.950000,10.67,2000,0,B
order,000001.SZ,2016-05-04 09:31:09.060000,10.67,1000,0,B
order,000001.SZ,2016-05-04 09:31:09.300000,10.67,4000,0,S
order,000001.SZ,2016-05-04 09:31:09.340000,10.67,6400,0,S
order,000001.SZ,2016-05-04 09:31:09.370000,10.74,500,0,S
order,000001.SZ,2016-05-04 09:31:09.390000,10.52,1000,0,B
order,000001.SZ,2016-05-04 09:31:09.540000,0.0,21200,V,B
order,000001.SZ,2016-05-04 09:31:09.540000,10.85,7400,0,S
order,000001.SZ,2016-05-04 09:31:09.720000,10.67,50000,0,S
order,000001.SZ,2016-05-04 09:31:10.010000,10.68,13300,0,B
order,000001.SZ,2016-05-04 09:31:10.110000,10.69,700,0,B
order,000001.SZ,2016-05-04 09:31:10.350000,11.57,1600,0,S
order,000001.SZ,2016-05-04 09:31:10.580000,9.7,3000,0,B
order,000001.SZ,2016-05-04 09:31:11.280000,10.69,700,0,B
order,000001.SZ,2016-05-04 09:31:11.490000,10.67,20000,0,S
order,000001.SZ,2016-05-04 09:31:11.810000,10.67,1600,0,S
order,000001.SZ,2016-05-04 09:31:11.930000,10.7,800,0,B
order,000001.SZ,2016-05-04 09:31:11.940000,10.67,21600,0,S
order,000001.SZ,2016-05-04 09:31:12.080000,10.59,500,0,B
order,000001.SZ,2016-05-04 09:31:12.330000,10.68,2000,0,S
order,000001.SZ,2016-05-04 09:31:12.420000,10.67,31100,0,S
order,000001.SZ,2016-05-04 09:31:13.810000,10.67,100,0,S
order,000001.SZ,2016-05-04 09:31:14.390000,11.75,2000,0,S
order,000001.SZ,2016-05-04 09:31:14.440000,10.65,100,0,B
order,000001.SZ,2016-05-04 09:31:14.450000,0.0,4000,0,C
order,000001.SZ,2016-05-04 09:31:14.470000,10.71,399,0,S
order,000001.SZ,2016-05-04 09:31:15.020000,10.67,33600,0,B
order,000001.SZ,2016-05-04 09:31:15.070000,10.85,5000,0,S
order,000001.SZ,2016-05-04 09:31:15.120000,10.98,1000,0,S
order,000001.SZ,2016-05-04 09:31:17.370000,10.7,4300,0,B
order,000001.SZ,2016-05-04 09:31:18.120000,10.7,800,0,B
order,000001.SZ,2016-05-04 09:31:18.250000,10.67,2000,0,S
order,000001.SZ,2016-05-04 09:31:18.280000,10.72,300,0,S
order,000001.SZ,2016-05-04 09:31:18.600000,10.67,2000,0,S
order,000001.SZ,2016-05-04 09:31:18.630000,10.68,300000,0,B
order,000001.SZ,2016-05-04 09:31:19.350000,10.5,500,0,B
order,000001.SZ,2016-05-04 09:31:20.310000,10.67,37900,0,S
order,000001.SZ,2016-05-04 09:31:20.430000,10.67,2000,0,B
order,000001.SZ,2016-05-04 09:31:21.410000,10.68,1000,0,B
order,000001.SZ,2016-05-04 09:31:21.950000,10.79,1000,0,S
order,000001.SZ,2016-05-04 09:31:22.620000,10.67,900,0,S
order,000001.SZ,2016-05-04 09:31:23.870000,10.67,600,0,S
order,000001.SZ,2016-05-04 09:31:24.080000,10.67,2000,0,S
order,000001.SZ,2016-05-04 09:31:24.150000,10.73,1500,0,S
order,000001.SZ,2016-05-04 09:31:24.590000,10.72,1000,0,S
order,000001.SZ,2016-05-04 09:31:24.720000,10.68,1000,0,B
order,000001.SZ,2016-05-04 09:31:25.190000,10.76,1000,0,S
order,000001.SZ,2016-05-04 09:31:26.190000,9.82,5000,0,B
order,000001.SZ,2016-05-04 09:31:26.820000,10.67,1000,0,B
order,000001.SZ,2016-05-04 09:31:26.900000,11.68,1000,0,S
order,000001.SZ,2016-05-04 09:31:27.120000,10.58,300,0,B
order,000001.SZ,2016-05-04 09:31:27.200000,10.68,2000,0,B
order,000001.SZ,2016-05-04 09:31:27.440000,0.0,2500,0,C
order,000001.SZ,2016-05-04 09:31:27.870000,10.55,300,0,B
order,000001.SZ,2016-05-04 09:31:28.300000,10.67,1000,0,B
order,000001.SZ,2016-05-04 09:31:28.360000,10.67,7100,0,B
order,000001.SZ,2016-05-04 09:31:28.930000,10.68,100,0,B
order,000001.SZ,2016-05-04 09:31:29.150000,10.71,5000,0,S
order,000001.SZ,2016-05-04 09:31:29.750000,10.46,500,0,S
order,000001.SZ,2016-05-04 09:31:29.820000,10.67,1000,0,B
order,000001.SZ,2016-05-04 09:31:30.930000,10.63,400,0,B
order,000001.SZ,2016-05-04 09:31:30.950000,10.67,5000,0,B
order,000001.SZ,2016-05-04 09:31:31.590000,10.66,2000,0,S
order,000001.SZ,2016-05-04 09:31:31.620000,10.66,1100,0,S
order,000001.SZ,2016-05-04 09:31:31.630000,10.4,800,0,B
order,000001.SZ,2016-05-04 09:31:32.140000,10.84,300,0,S
order,000001.SZ,2016-05-04 09:31:32.190000,10.67,7200,0,S
order,000001.SZ,2016-05-04 09:31:32.290000,10.63,5000,0,B
order,000001.SZ,2016-05-04 09:31:33.100000,0.0,3800,V,B
order,000001.SZ,2016-05-04 09:31:33.220000,10.4,500,0,B
order,000001.SZ,2016-05-04 09:31:33.230000,10.62,3000,0,B
order,000001.SZ,2016-05-04 09:31:33.770000,10.67,1000,0,B
order,000001.SZ,2016-05-04 09:31:34.070000,10.67,10000,0,B
order,000001.SZ,2016-05-04 09:31:34.620000,10.68,1000,0,B
order,000001.SZ,2016-05-04 09:31:34.620000,0.0,1000,0,C
order,000001.SZ,2016-05-04 09:31:34.750000,10.65,500,0,B
order,000001.SZ,2016-05-04 09:31:35.030000,10.67,1000,0,B
order,000001.SZ,2016-05-04 09:31:35.190000,10.73,300,0,S
order,000001.SZ,2016-05-04 09:31:35.450000,10.61,1000,0,B
order,000001.SZ,2016-05-04 09:31:35.980000,10.67,100,0,S
order,000001.SZ,2016-05-04 09:31:36.110000,10.78,1000,0,S
order,000001.SZ,2016-05-04 09:31:36.140000,10.66,300,0,B
order,000001.SZ,2016-05-04 09:31:36.670000,0.0,500,0,C
order,000001.SZ,2016-05-04 09:31:36.780000,10.67,39000,0,B
order,000001.SZ,2016-05-04 09:31:37.270000,10.68,2500,0,S
order,000001.SZ,2016-05-04 09:31:37.630000,10.67,30000,0,B
order,000001.SZ,2016-05-04 09:31:37.650000,10.67,1400,0,S
order,000001.SZ,2016-05-04 09:31:37.820000,10.64,900,0,B
order,000001.SZ,2016-05-04 09:31:38.150000,11.74,29000,0,B
order,000001.SZ,2016-05-04 09:31:38.390000,10.67,20000,0,S
order,000001.SZ,2016-05-04 09:31:39.250000,10.66,5000,0,S
order,000001.SZ,2016-05-04 09:31:39.290000,10.58,1000,0,B
order,000001.SZ,2016-05-04 09:31:39.340000,10.66,2100,0,B
order,000001.SZ,2016-05-04 09:31:39.480000,11.22,1000,0,S
order,000001.SZ,2016-05-04 09:31:39.800000,10.67,100,0,S
order,000001.SZ,2016-05-04 09:31:40.450000,10.65,2000,0,B
order,000001.SZ,2016-05-04 09:31:40.760000,10.53,1200,0,B
order,000001.SZ,2016-05-04 09:31:40.920000,10.61,500,0,B
order,000001.SZ,2016-05-04 09:31:41.280000,10.67,430,0,S
order,000001.SZ,2016-05-04 09:31:41.940000,10.67,4700,0,B
order,000001.SZ,2016-05-04 09:31:42.030000,10.67,1000,0,B
order,000001.SZ,2016-05-04 09:31:42.070000,9.99,500,0,B
order,000001.SZ,2016-05-04 09:31:42.300000,0.0,2100,0,C
order,000001.SZ,2016-05-04 09:31:42.690000,11.75,10000,0,B
order,000001.SZ,2016-05-04 09:31:42.710000,10.68,300,0,S
order,000001.SZ,2016-05-04 09:31:43.390000,10.67,400,0,B
order,000001.SZ,2016-05-04 09:31:43.640000,10.63,50000,0,B
order,000001.SZ,2016-05-04 09:31:43.780000,10.67,50000,0,B
order,000001.SZ,2016-05-04 09:31:43.840000,11.75,500,0,S
order,000001.SZ,2016-05-04 09:31:44.410000,10.67,38600,0,B
order,000001.SZ,2016-05-04 09:31:45.220000,10.67,2100,0,B
order,000001.SZ,2016-05-04 09:31:45.580000,10.68,100,0,S
order,000001.SZ,2016-05-04 09:31:46.260000,10.58,2800,0,B
order,000001.SZ,2016-05-04 09:31:46.990000,10.67,1000,0,S
order,000001.SZ,2016-05-04 09:31:47.340000,10.66,200,0,B
order,000001.SZ,2016-05-04 09:31:47.700000,10.99,2000,0,S
order,000001.SZ,2016-05-04 09:31:47.780000,10.67,6200,0,B
order,000001.SZ,2016-05-04 09:31:48.310000,0.0,2800,0,C
order,000001.SZ,2016-05-04 09:31:48.410000,10.61,4000,0,B
order,000001.SZ,2016-05-04 09:31:48.740000,10.66,53680,0,S
order,000001.SZ,2016-05-04 09:31:49.040000,10.67,2900,0,B
order,000001.SZ,2016-05-04 09:31:49.080000,10.52,800,0,B
order,000001.SZ,2016-05-04 09:31:49.330000,10.69,500,0,S
order,000001.SZ,2016-05-04 09:31:50.180000,10.67,1000,0,B
order,000001.SZ,2016-05-04 09:31:51.010000,10.75,2016,0,S
order,000001.SZ,2016-05-04 09:31:51.270000,10.68,1000,0,B
order,000001.SZ,2016-05-04 09:31:51.480000,10.72,5000,0,S
order,000001.SZ,2016-05-04 09:31:52.340000,10.6,1500,0,B
order,000001.SZ,2016-05-04 09:31:52.970000,10.68,11700,0,B
order,000001.SZ,2016-05-04 09:31:53.080000,10.67,900,0,S
order,000001.SZ,2016-05-04 09:31:53.460000,0.0,1900,V,B
order,000001.SZ,2016-05-04 09:31:53.580000,10.67,5000,0,B
order,000001.SZ,2016-05-04 09:31:53.740000,11.0,400,0,S
order,000001.SZ,2016-05-04 09:31:53.740000,10.62,2800,0,B
order,000001.SZ,2016-05-04 09:31:54.220000,0.0,6000,V,B
order,000001.SZ,2016-05-04 09:31:54.240000,0.0,2100,0,C
order,000001.SZ,2016-05-04 09:31:54.300000,9.81,500,0,B
order,000001.SZ,2016-05-04 09:31:54.370000,10.72,10000,0,S
order,000001.SZ,2016-05-04 09:31:54.440000,0.0,1900,V,B
order,000001.SZ,2016-05-04 09:31:54.880000,10.67,500,0,S
order,000001.SZ,2016-05-04 09:31:54.880000,10.67,2000,0,B
order,000001.SZ,2016-05-04 09:31:54.980000,10.58,200,0,B
order,000001.SZ,2016-05-04 09:31:55.020000,10.67,2000,0,B
order,000001.SZ,2016-05-04 09:31:55.160000,0.0,7200,V,B
order,000001.SZ,2016-05-04 09:31:55.330000,9.7,1000,0,B
order,000001.SZ,2016-05-04 09:31:55.540000,10.68,100,0,B
order,000001.SZ,2016-05-04 09:31:55.690000,10.67,100,0,S
order,000001.SZ,2016-05-04 09:31:55.710000,10.68,200,0,S
order,000001.SZ,2016-05-04 09:31:55.920000,10.69,1600,0,S
order,000001.SZ,2016-05-04 09:31:56.030000,0.0,5000,0,C
order,000001.SZ,2016-05-04 09:31:56.130000,10.71,6700,0,B
order,000001.SZ,2016-05-04 09:31:56.490000,10.67,1000,0,B
order,000001.SZ,2016-05-04 09:31:57.000000,10.66,3000,0,B
order,000001.SZ,2016-05-04 09:31:57.130000,10.68,22800,0,S
order,000001.SZ,2016-05-04 09:31:57.140000,10.68,2100,0,B
order,000001.SZ,2016-05-04 09:31:57.310000,10.68,5000,0,B
order,000001.SZ,2016-05-04 09:31:57.630000,11.04,2000,0,S
order,000001.SZ,2016-05-04 09:31:58.570000,10.68,1700,0,B
order,000001.SZ,2016-05-04 09:31:58.600000,10.87,200,0,S
order,000001.SZ,2016-05-04 09:31:59.130000,10.59,3000,0,B
order,000001.SZ,2016-05-04 09:31:59.480000,10.68,1000,0,B
order,000001.SZ,2016-05-04 09:31:59.690000,10.48,500,0,S
order,000001.SZ,2016-05-04 09:31:59.790000,10.68,700,0,B
order,000001.SZ,2016-05-04 09:32:00.170000,10.68,20000,0,B
order,000001.SZ,2016-05-04 09:32:00.880000,10.67,8000,0,S
order,000001.SZ,2016-05-04 09:32:01.410000,10.66,2000,0,B
order,000001.SZ,2016-05-04 09:32:01.740000,10.69,200,0,B
order,000001.SZ,2016-05-04 09:32:01.770000,10.68,1500,0,B
order,000001.SZ,2016-05-04 09:32:02.610000,10.68,100,0,B
order,000001.SZ,2016-05-04 09:32:02.750000,0.0,1000,0,C
order,000001.SZ,2016-05-04 09:32:03.620000,10.68,3000,0,B
order,000001.SZ,2016-05-04 09:32:04.090000,10.68,900,0,B
order,000001.SZ,2016-05-04 09:32:04.270000,10.68,2000,0,B
order,000001.SZ,2016-05-04 09:32:04.280000,10.68,2000,0,B
order,000001.SZ,2016-05-04 09:32:04.810000,10.73,3000,0,S
order,000001.SZ,2016-05-04 09:32:04.910000,10.71,10500,0,B
order,000001.SZ,2016-05-04 09:32:06.160000,10.68,500,0,B
order,000001.SZ,2016-05-04 09:32:06.730000,10.61,1000,0,B
order,000001.SZ,2016-05-04 09:32:06.820000,10.41,400,0,B
order,000001.SZ,2016-05-04 09:32:06.840000,11.09,2000,0,S
order,000001.SZ,2016-05-04 09:32:07.180000,0.0,1900,V,B
order,000001.SZ,2016-05-04 09:32:07.200000,10.67,300,0,S
order,000001.SZ,2016-05-04 09:32:07.280000,9.61,1000,0,B
order,000001.SZ,2016-05-04 09:32:07.730000,10.68,500,0,B
order,000001.SZ,2016-05-04 09:32:08.220000,10.69,1400,0,S
order,000001.SZ,2016-05-04 09:32:09.200000,10.68,500,0,B
order,000001.SZ,2016-05-04 09:32:09.470000,10.69,2600,0,B
order,000001.SZ,2016-05-04 09:32:09.540000,10.68,100,0,B
order,000001.SZ,2016-05-04 09:32:09.600000,10.68,1000,0,S
order,000001.SZ,2016-05-04 09:32:10.130000,10.67,4900,0,S
order,000001.SZ,2016-05-04 09:32:10.190000,10.69,500,0,B
order,000001.SZ,2016-05-04 09:32:10.600000,10.67,6500,0,B
order,000001.SZ,2016-05-04 09:32:11.000000,10.68,10000,0,S
order,000001.SZ,2016-05-04 09:32:11.060000,11.0,800,0,S
order,000001.SZ,2016-05-04 09:32:11.090000,10.67,1000,0,B
order,000001.SZ,2016-05-04 09:32:11.380000,10.59,1600,0,B
order,000001.SZ,2016-05-04 09:32:12.290000,10.68,100,0,B
order,000001.SZ,2016-05-04 09:32:12.310000,10.59,5000,0,B
order,000001.SZ,2016-05-04 09:32:12.680000,11.75,10000,0,B
order,000001.SZ,2016-05-04 09:32:12.690000,10.69,1000,0,B
order,000001.SZ,2016-05-04 09:32:13.580000,10.73,5000,0,S
order,000001.SZ,2016-05-04 09:32:14.120000,11.45,100,0,S
order,000001.SZ,2016-05-04 09:32:14.280000,10.7,1000,0,S
order,000001.SZ,2016-05-04 09:32:14.400000,10.68,600,0,B
order,000001.SZ,2016-05-04 09:32:14.680000,10.69,6159,0,S
order,000001.SZ,2016-05-04 09:32:14.710000,10.69,1500,0,B
order,000001.SZ,2016-05-04 09:32:15.010000,10.67,1000,0,B
order,000001.SZ,2016-05-04 09:32:15.200000,10.69,100,0,B
order,000001.SZ,2016-05-04 09:32:15.370000,11.14,2000,0,S
order,000001.SZ,2016-05-04 09:32:15.690000,10.67,5000,0,B
order,000001.SZ,2016-05-04 09:32:16.400000,10.68,100000,0,B
order,000001.SZ,2016-05-04 09:32:16.650000,10.68,5000,0,B
order,000001.SZ,2016-05-04 09:32:16.730000,10.68,3000,0,B
order,000001.SZ,2016-05-04 09:32:16.910000,10.69,2500,0,B
order,000001.SZ,2016-05-04 09:32:17.570000,10.63,2000,0,B
order,000001.SZ,2016-05-04 09:32:17.980000,0.0,400,0,C
order,000001.SZ,2016-05-04 09:32:18.100000,10.69,900,0,B
order,000001.SZ,2016-05-04 09:32:18.380000,10.67,500,0,B
order,000001.SZ,2016-05-04 09:32:18.450000,11.68,1000,0,S
order,000001.SZ,2016-05-04 09:32:18.510000,10.6,500,0,B
order,000001.SZ,2016-05-04 09:32:18.830000,10.88,1000,0,S
order,000001.SZ,2016-05-04 09:32:19.240000,10.69,1000,0,B
order,000001.SZ,2016-05-04 09:32:19.350000,0.0,700,0,C
order,000001.SZ,2016-05-04 09:32:19.820000,0.0,1500,0,C
order,000001.SZ,2016-05-04 09:32:19.920000,10.32,600,0,B
order,000001.SZ,2016-05-04 09:32:20.100000,10.69,100,0,S
order,000001.SZ,2016-05-04 09:32:20.120000,10.65,200,0,B
order,000001.SZ,2016-05-04 09:32:20.470000,10.72,500,0,B
order,000001.SZ,2016-05-04 09:32:20.500000,10.66,2500,0,B
order,000001.SZ,2016-05-04 09:32:20.600000,10.88,2000,0,S
order,000001.SZ,2016-05-04 09:32:21.260000,10.63,500,0,B
order,000001.SZ,2016-05-04 09:32:21.420000,10.68,1000,0,B
order,000001.SZ,2016-05-04 09:32:21.950000,10.65,2000,0,B
order,000001.SZ,2016-05-04 09:32:22.230000,10.67,1000,0,B
order,000001.SZ,2016-05-04 09:32:22.230000,11.75,100,0,S
order,000001.SZ,2016-05-04 09:32:22.270000,11.0,5000,0,S
order,000001.SZ,2016-05-04 09:32:22.370000,10.65,2500,0,B
order,000001.SZ,2016-05-04 09:32:22.460000,0.0,700,0,C
order,000001.SZ,2016-05-04 09:32:22.510000,10.67,1000,0,B
order,000001.SZ,2016-05-04 09:32:23.110000,10.73,1000,0,S
order,000001.SZ,2016-05-04 09:32:23.180000,0.0,1700,0,C
order,000001.SZ,2016-05-04 09:32:23.660000,10.69,700,0,B
order,000001.SZ,2016-05-04 09:32:24.030000,0.0,2000,0,C
order,000001.SZ,2016-05-04 09:32:24.130000,10.67,2000,0,B
order,000001.SZ,2016-05-04 09:32:24.420000,10.68,1100,0,B
order,000001.SZ,2016-05-04 09:32:24.480000,10.7,600,0,S
order,000001.SZ,2016-05-04 09:32:24.640000,10.67,5000,0,B
order,000001.SZ,2016-05-04 09:32:25.060000,10.68,1500,0,B
order,000001.SZ,2016-05-04 09:32:25.450000,11.19,2000,0,S
order,000001.SZ,2016-05-04 09:32:25.750000,10.66,1000,0,B
order,000001.SZ,2016-05-04 09:32:26.810000,10.69,1000,0,B
order,000001.SZ,2016-05-04 09:32:26.980000,10.88,1100,0,S
order,000001.SZ,2016-05-04 09:32:27.140000,10.69,20000,0,B
order,000001.SZ,2016-05-04 09:32:27.350000,0.0,500,0,C
order,000001.SZ,2016-05-04 09:32:27.460000,0.0,4600,0,C
order,000001.SZ,2016-05-04 09:32:27.540000,0.0,500,0,C
order,000001.SZ,2016-05-04 09:32:27.850000,11.75,500,0,S
order,000001.SZ,2016-05-04 09:32:27.850000,10.69,400,0,B
order,000001.SZ,2016-05-04 09:32:28.110000,10.68,100,0,S
order,000001.SZ,2016-05-04 09:32:28.110000,10.68,16000,0,S
order,000001.SZ,2016-05-04 09:32:28.590000,0.0,1000,0,C
order,000001.SZ,2016-05-04 09:32:28.960000,10.7,4900,0,S
order,000001.SZ,2016-05-04 09:32:29.230000,10.68,500,0,S
order,000001.SZ,2016-05-04 09:32:29.390000,10.55,600,0,B
order,000001.SZ,2016-05-04 09:32:29.560000,10.67,1000,0,B
order,000001.SZ,2016-05-04 09:32:29.810000,10.48,500,0,S
order,000001.SZ,2016-05-04 09:32:30.160000,10.71,6600,0,B
order,000001.SZ,2016-05-04 09:32:30.370000,10.68,2000,0,B
order,000001.SZ,2016-05-04 09:32:30.490000,10.68,100,0,B
order,000001.SZ,2016-05-04 09:32:30.640000,10.68,800,0,S
order,000001.SZ,2016-05-04 09:32:30.710000,10.67,1700,0,B
order,000001.SZ,2016-05-04 09:32:30.750000,10.96,200,0,S
order,000001.SZ,2016-05-04 09:32:30.880000,10.69,500,0,B
order,000001.SZ,2016-05-04 09:32:31.000000,10.69,200,0,B
order,000001.SZ,2016-05-04 09:32:31.050000,10.69,300,0,B
order,000001.SZ,2016-05-04 09:32:31.150000,10.69,5000,0,B
order,000001.SZ,2016-05-04 09:32:31.230000,10.7,200,0,B
order,000001.SZ,2016-05-04 09:32:31.280000,10.68,37100,0,B
order,000001.SZ,2016-05-04 09:32:31.480000,10.69,200,0,B
order,000001.SZ,2016-05-04 09:32:31.510000,10.7,6000,0,S
order,000001.SZ,2016-05-04 09:32:31.610000,0.0,1500,0,C
order,000001.SZ,2016-05-04 09:32:31.620000,10.67,1100,0,B
order,000001.SZ,2016-05-04 09:32:31.630000,10.78,2200,0,S
order,000001.SZ,2016-05-04 09:32:31.880000,10.68,1000,0,B
order,000001.SZ,2016-05-04 09:32:31.880000,10.69,100,0,S
order,000001.SZ,2016-05-04 09:32:32.300000,10.68,500,0,S
order,000001.SZ,2016-05-04 09:32:32.870000,10.69,100,0,S
order,000001.SZ,2016-05-04 09:32:32.900000,10.69,100,0,B
order,000001.SZ,2016-05-04 09:32:32.990000,10.69,1400,0,S
order,000001.SZ,2016-05-04 09:32:33.140000,10.69,2000,0,B
order,000001.SZ,2016-05-04 09:32:33.260000,10.72,2000,0,S
order,000001.SZ,2016-05-04 09:32:33.430000,0.0,1600,0,C
order,000001.SZ,2016-05-04 09:32:33.520000,10.69,100,0,S
order,000001.SZ,2016-05-04 09:32:33.640000,10.68,2000,0,B
order,000001.SZ,2016-05-04 09:32:33.860000,10.69,400,0,B
order,000001.SZ,2016-05-04 09:32:34.020000,10.69,1000,0,S
order,000001.SZ,2016-05-04 09:32:34.300000,11.75,1800,0,S
order,000001.SZ,2016-05-04 09:32:34.650000,10.69,1200,0,S
order,000001.SZ,2016-05-04 09:32:34.950000,10.69,400,0,B
order,000001.SZ,2016-05-04 09:32:35.350000,0.0,1900,V,B
order,000001.SZ,2016-05-04 09:32:35.770000,10.66,1200,0,B
order,000001.SZ,2016-05-04 09:32:36.220000,10.65,500,0,B
order,000001.SZ,2016-05-04 09:32:36.470000,10.6,1000,0,B
order,000001.SZ,2016-05-04 09:32:36.860000,10.5,20000,0,B
order,000001.SZ,2016-05-04 09:32:37.150000,10.69,5000,0,B
order,000001.SZ,2016-05-04 09:32:37.880000,0.0,100,0,C
order,000001.SZ,2016-05-04 09:32:38.100000,10.6,1000,0,B
order,000001.SZ,2016-05-04 09:32:38.120000,10.68,2000,0,B
order,000001.SZ,2016-05-04 09:32:38.130000,0.0,26500,V,B
order,000001.SZ,2016-05-04 09:32:38.150000,11.75,300,0,S
order,000001.SZ,2016-05-04 09:32:38.310000,10.78,5600,0,S
order,000001.SZ,2016-05-04 09:32:39.120000,10.68,900,0,B
order,000001.SZ,2016-05-04 09:32:39.160000,10.69,300,0,B
order,000001.SZ,2016-05-04 09:32:39.800000,10.69,1000,0,B
order,000001.SZ,2016-05-04 09:32:39.890000,10.67,2000,0,B
order,000001.SZ,2016-05-04 09:32:39.950000,10.75,300,0,S
order,000001.SZ,2016-05-04 09:32:39.980000,10.8,26500,0,B
order,000001.SZ,2016-05-04 09:32:40.140000,10.69,1000,0,B
order,000001.SZ,2016-05-04 09:32:40.210000,10.68,1000,0,B
order,000001.SZ,2016-05-04 09:32:40.290000,10.69,2000,0,B
order,000001.SZ,2016-05-04 09:32:40.290000,10.61,1000,0,B
order,000001.SZ,2016-05-04 09:32:40.360000,10.68,100,0,S
order,000001.SZ,2016-05-04 09:32:40.670000,10.69,2000,0,B
order,000001.SZ,2016-05-04 09:32:41.340000,11.55,500,0,S
order,000001.SZ,2016-05-04 09:32:41.590000,10.72,1000,0,B
order,000001.SZ,2016-05-04 09:32:42.280000,10.6,500,0,B
order,000001.SZ,2016-05-04 09:32:42.320000,10.69,5000,0,B
order,000001.SZ,2016-05-04 09:32:42.430000,10.68,1100,0,B
order,000001.SZ,2016-05-04 09:32:42.530000,10.62,1500,0,B
order,000001.SZ,2016-05-04 09:32:42.670000,11.75,9000,0,B
order,000001.SZ,2016-05-04 09:32:42.790000,10.69,400,0,S
order,000001.SZ,2016-05-04 09:32:43.000000,10.68,35500,0,B
order,000001.SZ,2016-05-04 09:32:43.350000,10.69,3000,0,B
order,000001.SZ,2016-05-04 09:32:43.470000,10.68,400,0,B
order,000001.SZ,2016-05-04 09:32:43.540000,10.68,300,0,B
order,000001.SZ,2016-05-04 09:32:43.630000,10.82,2900,0,S
order,000001.SZ,2016-05-04 09:32:43.660000,10.68,10000,0,B
order,000001.SZ,2016-05-04 09:32:44.090000,10.68,500,0,S
order,000001.SZ,2016-05-04 09:32:44.790000,10.69,1500,0,B
order,000001.SZ,2016-05-04 09:32:44.800000,10.69,1000,0,B
order,000001.SZ,2016-05-04 09:32:45.190000,10.8,300,0,S
order,000001.SZ,2016-05-04 09:32:45.900000,10.7,800,0,B
order,000001.SZ,2016-05-04 09:32:46.110000,10.69,8400,0,S
order,000001.SZ,2016-05-04 09:32:46.120000,11.18,1900,0,S
order,000001.SZ,2016-05-04 09:32:46.460000,10.68,1000,0,B
order,000001.SZ,2016-05-04 09:32:46.590000,10.66,600,0,B
order,000001.SZ,2016-05-04 09:32:46.760000,10.69,2000,0,B
order,000001.SZ,2016-05-04 09:32:47.000000,10.88,500,0,S
order,000001.SZ,2016-05-04 09:32:47.140000,10.58,1000,0,B
order,000001.SZ,2016-05-04 09:32:47.390000,10.99,800,0,S
order,000001.SZ,2016-05-04 09:32:47.610000,10.69,800,0,B
order,000001.SZ,2016-05-04 09:32:47.720000,10.69,2000,0,B
order,000001.SZ,2016-05-04 09:32:47.830000,10.69,40000,0,B
order,000001.SZ,2016-05-04 09:32:47.970000,10.69,1600,0,S
order,000001.SZ,2016-05-04 09:32:48.070000,10.69,1000,0,S
order,000001.SZ,2016-05-04 09:32:48.140000,10.64,1600,0,B
order,000001.SZ,2016-05-04 09:32:48.270000,10.69,700,0,B
order,000001.SZ,2016-05-04 09:32:49.440000,10.59,1600,0,B
order,000001.SZ,2016-05-04 09:32:49.450000,10.76,1000,0,S
order,000001.SZ,2016-05-04 09:32:49.790000,10.69,26500,0,S
order,000001.SZ,2016-05-04 09:32:49.870000,10.69,500,0,B
order,000001.SZ,2016-05-04 09:32:50.070000,11.5,1000,0,S
order,000001.SZ,2016-05-04 09:32:50.200000,10.68,5000,0,S
order,000001.SZ,2016-05-04 09:32:50.290000,10.69,1000,0,B
order,000001.SZ,2016-05-04 09:32:50.860000,10.72,8500,0,S
order,000001.SZ,2016-05-04 09:32:51.150000,10.69,5000,0,B
order,000001.SZ,2016-05-04 09:32:51.290000,10.61,200,0,B
order,000001.SZ,2016-05-04 09:32:51.470000,10.69,600,0,B
order,000001.SZ,2016-05-04 09:32:51.750000,10.69,500,0,B
order,000001.SZ,2016-05-04 09:32:51.870000,10.7,600,0,S
order,000001.SZ,2016-05-04 09:32:52.760000,10.69,20000,0,B
order,000001.SZ,2016-05-04 09:32:52.780000,11.0,1500,0,S
order,000001.SZ,2016-05-04 09:32:52.900000,10.69,1000,0,B
order,000001.SZ,2016-05-04 09:32:52.960000,10.68,300,0,B
order,000001.SZ,2016-05-04 09:32:53.490000,10.69,1900,0,B
order,000001.SZ,2016-05-04 09:32:53.700000,10.67,1500,0,B
order,000001.SZ,2016-05-04 09:32:53.850000,10.7,100,0,B
order,000001.SZ,2016-05-04 09:32:54.050000,10.7,23000,0,S
order,000001.SZ,2016-05-04 09:32:54.660000,0.0,3000,0,C
order,000001.SZ,2016-05-04 09:32:55.770000,10.9,900,0,S
order,000001.SZ,2016-05-04 09:32:55.810000,0.0,1500,0,C
order,000001.SZ,2016-05-04 09:32:55.870000,10.68,100,0,S
order,000001.SZ,2016-05-04 09:32:56.200000,10.69,500,0,B
order,000001.SZ,2016-05-04 09:32:56.460000,10.9,1600,0,S
order,000001.SZ,2016-05-04 09:32:56.600000,10.66,600,0,S
order,000001.SZ,2016-05-04 09:32:57.100000,10.75,5000,0,S
order,000001.SZ,2016-05-04 09:32:57.390000,10.69,29100,0,B
order,000001.SZ,2016-05-04 09:32:57.940000,10.72,4300,0,B
order,000001.SZ,2016-05-04 09:32:58.290000,10.68,3900,0,S
order,000001.SZ,2016-05-04 09:32:58.390000,0.0,1000,0,C
order,000001.SZ,2016-05-04 09:32:58.500000,0.0,1000,0,C
order,000001.SZ,2016-05-04 09:32:58.610000,0.0,1000,0,C
order,000001.SZ,2016-05-04 09:32:59.330000,10.75,400,0,S
order,000001.SZ,2016-05-04 09:32:59.590000,10.69,1000,0,B
order,000001.SZ,2016-05-04 09:32:59.680000,10.49,500,0,S
order,000001.SZ,2016-05-04 09:32:59.810000,10.69,1000,0,B
order,000001.SZ,2016-05-04 09:33:00.400000,10.69,10000,0,S
order,000001.SZ,2016-05-04 09:33:00.550000,10.69,1000,0,B
order,000001.SZ,2016-05-04 09:33:01.130000,10.87,200,0,S
order,000001.SZ,2016-05-04 09:33:01.680000,10.99,1000,0,S
order,000001.SZ,2016-05-04 09:33:01.740000,10.74,1300,0,S
order,000001.SZ,2016-05-04 09:33:01.770000,10.61,100,0,B
order,000001.SZ,2016-05-04 09:33:01.820000,10.68,900,0,B
order,000001.SZ,2016-05-04 09:33:02.280000,10.68,200,0,B
order,000001.SZ,2016-05-04 09:33:02.830000,10.7,2000,0,B
order,000001.SZ,2016-05-04 09:33:02.930000,0.0,1000,0,C
order,000001.SZ,2016-05-04 09:33:03.380000,0.0,6200,0,C
order,000001.SZ,2016-05-04 09:33:03.400000,10.69,500,0,B
order,000001.SZ,2016-05-04 09:33:04.430000,0.0,800,V,B
order,000001.SZ,2016-05-04 09:33:04.930000,10.69,100,0,B
order,000001.SZ,2016-05-04 09:33:05.020000,11.0,11600,0,S
order,000001.SZ,2016-05-04 09:33:05.540000,10.68,100,0,B
order,000001.SZ,2016-05-04 09:33:05.670000,10.69,100,0,S
order,000001.SZ,2016-05-04 09:33:05.850000,10.56,1000,0,B
order,000001.SZ,2016-05-04 09:33:05.950000,11.2,1000,0,S
order,000001.SZ,2016-05-04 09:33:06.160000,10.71,1000,0,B
order,000001.SZ,2016-05-04 09:33:06.560000,10.71,10000,0,S
order,000001.SZ,2016-05-04 09:33:06.570000,10.66,10000,0,B
order,000001.SZ,2016-05-04 09:33:06.650000,10.65,2300,0,S
order,000001.SZ,2016-05-04 09:33:06.670000,10.8,800,0,S
order,000001.SZ,2016-05-04 09:33:06.710000,10.7,2000,0,B
order,000001.SZ,2016-05-04 09:33:07.400000,10.69,5000,0,B
order,000001.SZ,2016-05-04 09:33:08.010000,11.0,1000,0,S
order,000001.SZ,2016-05-04 09:33:08.020000,10.64,3000,0,B
order,000001.SZ,2016-05-04 09:33:08.200000,10.7,1400,0,S
order,000001.SZ,2016-05-04 09:33:08.230000,10.68,100,0,S
order,000001.SZ,2016-05-04 09:33:08.280000,10.7,1000,0,S
order,000001.SZ,2016-05-04 09:33:08.490000,10.7,100,0,S
order,000001.SZ,2016-05-04 09:33:08.610000,11.1,300,0,S
order,000001.SZ,2016-05-04 09:33:08.880000,10.65,2200,0,S
order,000001.SZ,2016-05-04 09:33:09.160000,10.69,1000,0,B
order,000001.SZ,2016-05-04 09:33:09.170000,10.69,2800,0,S
order,000001.SZ,2016-05-04 09:33:09.500000,11.68,100,0,S
order,000001.SZ,2016-05-04 09:33:09.700000,10.69,1000,0,B
order,000001.SZ,2016-05-04 09:33:09.720000,10.69,100,0,B
order,000001.SZ,2016-05-04 09:33:10.000000,10.75,22500,0,S
order,000001.SZ,2016-05-04 09:33:10.490000,10.7,2000,0,S
order,000001.SZ,2016-05-04 09:33:10.740000,10.66,500,0,B
order,000001.SZ,2016-05-04 09:33:10.790000,10.8,2100,0,S
order,000001.SZ,2016-05-04 09:33:10.910000,10.69,1000,0,S
order,000001.SZ,2016-05-04 09:33:11.060000,10.88,1200,0,S
order,000001.SZ,2016-05-04 09:33:11.260000,10.69,2000,0,B
order,000001.SZ,2016-05-04 09:33:11.420000,10.74,1000,0,S
order,000001.SZ,2016-05-04 09:33:11.590000,0.0,2000,0,C
order,000001.SZ,2016-05-04 09:33:11.740000,10.7,1000,0,S
order,000001.SZ,2016-05-04 09:33:11.750000,10.69,1000,0,S
order,000001.SZ,2016-05-04 09:33:11.960000,0.0,100,0,C
order,000001.SZ,2016-05-04 09:33:12.140000,10.62,800,0,B
order,000001.SZ,2016-05-04 09:33:12.340000,10.7,10000,0,S
order,000001.SZ,2016-05-04 09:33:12.400000,10.7,300,0,S
order,000001.SZ,2016-05-04 09:33:12.900000,10.99,2600,0,S
order,000001.SZ,2016-05-04 09:33:13.290000,10.7,1000,0,B
order,000001.SZ,2016-05-04 09:33:13.340000,0.0,1500,0,C
order,000001.SZ,2016-05-04 09:33:13.430000,10.89,200,0,S
order,000001.SZ,2016-05-04 09:33:13.490000,10.7,2200,0,S
order,000001.SZ,2016-05-04 09:33:13.900000,10.69,500,0,S
order,000001.SZ,2016-05-04 09:33:13.930000,0.0,37100,0,C
order,000001.SZ,2016-05-04 09:33:14.030000,0.0,400,0,C
order,000001.SZ,2016-05-04 09:33:14.200000,10.66,1300,0,B
order,000001.SZ,2016-05-04 09:33:14.500000,11.2,200,0,S
order,000001.SZ,2016-05-04 09:33:14.670000,11.06,2000,0,S
order,000001.SZ,2016-05-04 09:33:14.750000,0.0,1000,0,C
order,000001.SZ,2016-05-04 09:33:15.310000,10.6,1000,0,B
order,000001.SZ,2016-05-04 09:33:15.400000,10.66,500,0,S
order,000001.SZ,2016-05-04 09:33:15.590000,10.7,1100,0,B
order,000001.SZ,2016-05-04 09:33:15.620000,10.8,400,0,S
order,000001.SZ,2016-05-04 09:33:15.830000,11.75,8000,0,S
order,000001.SZ,2016-05-04 09:33:15.920000,11.48,1000,0,S
order,000001.SZ,2016-05-04 09:33:15.950000,0.0,10000,0,C
order,000001.SZ,2016-05-04 09:33:16.360000,10.6,1600,0,B
order,000001.SZ,2016-05-04 09:33:16.380000,10.69,54900,0,S
order,000001.SZ,2016-05-04 09:33:16.710000,10.69,3000,0,B
order,000001.SZ,2016-05-04 09:33:16.830000,10.7,200,0,B
order,000001.SZ,2016-05-04 09:33:16.970000,0.0,25000,0,C
order,000001.SZ,2016-05-04 09:33:17.080000,10.65,300,0,B
order,000001.SZ,2016-05-04 09:33:17.400000,10.69,54900,0,S
order,000001.SZ,2016-05-04 09:33:17.780000,10.6,300,0,B
order,000001.SZ,2016-05-04 09:33:17.870000,0.0,2000,0,C
order,000001.SZ,2016-05-04 09:33:18.540000,10.69,400,0,S
order,000001.SZ,2016-05-04 09:33:18.620000,10.79,1500,0,S
order,000001.SZ,2016-05-04 09:33:18.640000,10.69,10800,0,S
order,000001.SZ,2016-05-04 09:33:18.820000,10.69,5000,0,S
order,000001.SZ,2016-05-04 09:33:19.040000,0.0,1400,0,C
order,000001.SZ,2016-05-04 09:33:19.470000,10.82,2000,0,S
order,000001.SZ,2016-05-04 09:33:19.960000,0.0,200,0,C
order,000001.SZ,2016-05-04 09:33:20.120000,10.7,100,0,S
order,000001.SZ,2016-05-04 09:33:20.350000,10.73,1000,0,S
order,000001.SZ,2016-05-04 09:33:20.500000,10.7,10000,0,B
order,000001.SZ,2016-05-04 09:33:20.580000,0.0,35500,0,C
order,000001.SZ,2016-05-04 09:33:21.100000,10.7,300,0,B
order,000001.SZ,2016-05-04 09:33:21.130000,10.7,35500,0,B
order,000001.SZ,2016-05-04 09:33:21.280000,10.7,1000,0,B
order,000001.SZ,2016-05-04 09:33:21.550000,10.75,500,0,S
order,000001.SZ,2016-05-04 09:33:21.960000,10.7,10000,0,S
order,000001.SZ,2016-05-04 09:33:22.010000,10.95,400,0,S
order,000001.SZ,2016-05-04 09:33:22.210000,10.69,6100,0,B
order,000001.SZ,2016-05-04 09:33:22.210000,0.0,9200,0,C
order,000001.SZ,2016-05-04 09:33:22.290000,10.7,100,0,B
order,000001.SZ,2016-05-04 09:33:22.290000,10.8,5000,0,S
order,000001.SZ,2016-05-04 09:33:22.330000,10.73,10100,0,B
order,000001.SZ,2016-05-04 09:33:22.410000,10.69,200,0,S
order,000001.SZ,2016-05-04 09:33:22.920000,10.59,2600,0,B
order,000001.SZ,2016-05-04 09:33:22.940000,10.7,500,0,B
order,000001.SZ,2016-05-04 09:33:23.450000,0.0,10000,0,C
order,000001.SZ,2016-05-04 09:33:23.530000,10.75,5000,0,S
order,000001.SZ,2016-05-04 09:33:23.560000,10.67,800,0,B
order,000001.SZ,2016-05-04 09:33:23.700000,10.89,1000,0,S
order,000001.SZ,2016-05-04 09:33:24.340000,11.1,1000,0,S
order,000001.SZ,2016-05-04 09:33:24.430000,10.7,1500,0,B
order,000001.SZ,2016-05-04 09:33:24.540000,10.68,500,0,B
order,000001.SZ,2016-05-04 09:33:24.610000,10.69,400,0,B
order,000001.SZ,2016-05-04 09:33:24.740000,0.0,100,0,C
order,000001.SZ,2016-05-04 09:33:25.840000,0.0,38600,0,C
order,000001.SZ,2016-05-04 09:33:26.060000,11.08,2765,0,S
order,000001.SZ,2016-05-04 09:33:26.140000,10.74,1200,0,S
order,000001.SZ,2016-05-04 09:33:26.250000,10.69,1400,0,S
order,000001.SZ,2016-05-04 09:33:26.260000,10.68,37900,0,S
order,000001.SZ,2016-05-04 09:33:26.890000,10.69,300,0,B
order,000001.SZ,2016-05-04 09:33:27.020000,10.7,900,0,B
order,000001.SZ,2016-05-04 09:33:27.300000,10.7,100,0,B
order,000001.SZ,2016-05-04 09:33:27.340000,10.66,5000,0,B
order,000001.SZ,2016-05-04 09:33:27.340000,10.69,3000,0,S
order,000001.SZ,2016-05-04 09:33:27.860000,11.75,2500,0,S
order,000001.SZ,2016-05-04 09:33:28.030000,10.69,1000,0,B
order,000001.SZ,2016-05-04 09:33:28.450000,10.69,200,0,B
order,000001.SZ,2016-05-04 09:33:29.020000,10.7,900,0,B
order,000001.SZ,2016-05-04 09:33:29.110000,10.72,1000,0,S
order,000001.SZ,2016-05-04 09:33:29.140000,10.7,1000,0,S
order,000001.SZ,2016-05-04 09:33:29.260000,0.0,3800,0,C
order,000001.SZ,2016-05-04 09:33:29.450000,0.0,3000,0,C
order,000001.SZ,2016-05-04 09:33:29.710000,10.74,1000,0,S
order,000001.SZ,2016-05-04 09:33:29.800000,10.49,500,0,S
order,000001.SZ,2016-05-04 09:33:30.030000,10.69,60000,0,S
order,000001.SZ,2016-05-04 09:33:30.320000,10.7,5000,0,S
order,000001.SZ,2016-05-04 09:33:30.330000,10.6,1000,0,B
order,000001.SZ,2016-05-04 09:33:30.680000,10.65,1000,0,B
order,000001.SZ,2016-05-04 09:33:30.760000,10.69,100,0,S
order,000001.SZ,2016-05-04 09:33:31.040000,10.68,8200,0,B
order,000001.SZ,2016-05-04 09:33:31.050000,10.7,9000,0,S
order,000001.SZ,2016-05-04 09:33:31.100000,10.74,25000,0,S
order,000001.SZ,2016-05-04 09:33:31.530000,10.71,100,0,S
order,000001.SZ,2016-05-04 09:33:31.660000,10.81,1200,0,S
order,000001.SZ,2016-05-04 09:33:31.840000,10.99,1500,0,S
order,000001.SZ,2016-05-04 09:33:31.870000,10.64,1000,0,B
order,000001.SZ,2016-05-04 09:33:32.040000,10.61,1000,0,B
order,000001.SZ,2016-05-04 09:33:32.060000,11.75,2000,0,S
order,000001.SZ,2016-05-04 09:33:32.170000,10.69,100,0,S
order,000001.SZ,2016-05-04 09:33:32.600000,0.0,1400,0,C
order,000001.SZ,2016-05-04 09:33:32.800000,10.61,1300,0,B
order,000001.SZ,2016-05-04 09:33:33.060000,10.69,1400,0,S
order,000001.SZ,2016-05-04 09:33:33.500000,10.74,1000,0,S
order,000001.SZ,2016-05-04 09:33:34.480000,10.5,5000,0,B
order,000001.SZ,2016-05-04 09:33:34.700000,10.69,2000,0,B
order,000001.SZ,2016-05-04 09:33:34.930000,10.7,900,0,B
order,000001.SZ,2016-05-04 09:33:35.750000,0.0,600,0,C
order,000001.SZ,2016-05-04 09:33:35.830000,10.69,800,0,B
order,000001.SZ,2016-05-04 09:33:36.410000,10.68,1000,0,B
order,000001.SZ,2016-05-04 09:33:36.820000,10.65,54000,0,B
order,000001.SZ,2016-05-04 09:33:36.820000,10.69,68200,0,B
order,000001.SZ,2016-05-04 09:33:36.820000,10.62,32500,0,B
order,000001.SZ,2016-05-04 09:33:36.830000,10.65,600,0,S
order,000001.SZ,2016-05-04 09:33:36.930000,10.7,3000,0,S
order,000001.SZ,2016-05-04 09:33:37.020000,10.7,2000,0,B
order,000001.SZ,2016-05-04 09:33:37.060000,10.69,400,0,S
order,000001.SZ,2016-05-04 09:33:37.160000,10.55,5000,0,B
order,000001.SZ,2016-05-04 09:33:37.640000,10.61,1000,0,B
order,000001.SZ,2016-05-04 09:33:37.840000,10.69,500,0,B
order,000001.SZ,2016-05-04 09:33:37.870000,10.88,1400,0,S
order,000001.SZ,2016-05-04 09:33:37.990000,10.72,300,0,S
order,000001.SZ,2016-05-04 09:33:38.000000,10.67,400,0,B
order,000001.SZ,2016-05-04 09:33:38.240000,10.67,500,0,B
order,000001.SZ,2016-05-04 09:33:38.550000,10.82,2600,0,S
order,000001.SZ,2016-05-04 09:33:38.730000,10.05,800,0,B
order,000001.SZ,2016-05-04 09:33:38.820000,10.69,1000,0,S
order,000001.SZ,2016-05-04 09:33:38.970000,11.3,600,0,S
order,000001.SZ,2016-05-04 09:33:38.970000,10.69,1000,0,S
order,000001.SZ,2016-05-04 09:33:39.040000,10.68,500,0,B
order,000001.SZ,2016-05-04 09:33:39.510000,10.69,5000,0,B
order,000001.SZ,2016-05-04 09:33:39.690000,10.65,2500,0,B
order,000001.SZ,2016-05-04 09:33:39.800000,10.68,1000,0,B
order,000001.SZ,2016-05-04 09:33:39.890000,10.7,9200,0,S
order,000001.SZ,2016-05-04 09:33:40.090000,10.7,5000,0,S
order,000001.SZ,2016-05-04 09:33:40.430000,11.75,200,0,S
order,000001.SZ,2016-05-04 09:33:40.830000,10.8,2000,0,S
order,000001.SZ,2016-05-04 09:33:41.250000,10.97,1600,0,S
order,000001.SZ,2016-05-04 09:33:41.570000,10.69,2000,0,B
order,000001.SZ,2016-05-04 09:33:41.770000,10.68,5400,0,B
order,000001.SZ,2016-05-04 09:33:41.800000,10.8,2000,0,S
order,000001.SZ,2016-05-04 09:33:42.100000,10.69,1000,0,B
order,000001.SZ,2016-05-04 09:33:42.430000,0.0,800,V,B
order,000001.SZ,2016-05-04 09:33:42.490000,10.67,3400,0,B
order,000001.SZ,2016-05-04 09:33:42.670000,10.68,100,0,B
order,000001.SZ,2016-05-04 09:33:42.670000,10.69,1000,0,S
order,000001.SZ,2016-05-04 09:33:42.850000,10.69,30800,0,S
order,000001.SZ,2016-05-04 09:33:43.000000,10.69,700,0,S
order,000001.SZ,2016-05-04 09:33:43.020000,10.89,500,0,S
order,000001.SZ,2016-05-04 09:33:43.070000,10.69,1000,0,B
order,000001.SZ,2016-05-04 09:33:43.230000,10.65,1000,0,B
order,000001.SZ,2016-05-04 09:33:43.290000,10.72,4100,0,S
order,000001.SZ,2016-05-04 09:33:43.430000,10.77,1400,0,S
order,000001.SZ,2016-05-04 09:33:43.450000,10.69,500,0,B
order,000001.SZ,2016-05-04 09:33:43.470000,10.99,2000,0,S
order,000001.SZ,2016-05-04 09:33:43.490000,11.0,100,0,S
order,000001.SZ,2016-05-04 09:33:43.570000,10.83,600,0,S
order,000001.SZ,2016-05-04 09:33:43.720000,10.66,1300,0,B
order,000001.SZ,2016-05-04 09:33:43.970000,10.68,1000,0,B
order,000001.SZ,2016-05-04 09:33:44.070000,10.68,100,0,S
order,000001.SZ,2016-05-04 09:33:44.200000,10.96,2000,0,S
order,000001.SZ,2016-05-04 09:33:44.220000,10.69,2000,0,B
order,000001.SZ,2016-05-04 09:33:44.240000,10.72,3000,0,S
order,000001.SZ,2016-05-04 09:33:44.250000,11.08,1500,0,S
order,000001.SZ,2016-05-04 09:33:44.720000,10.69,500,0,S
order,000001.SZ,2016-05-04 09:33:46.260000,10.91,1600,0,S
order,000001.SZ,2016-05-04 09:33:46.270000,10.69,22500,0,S
order,000001.SZ,2016-05-04 09:33:46.310000,10.72,1000,0,S
order,000001.SZ,2016-05-04 09:33:47.130000,10.69,27000,0,S
order,000001.SZ,2016-05-04 09:33:47.150000,10.98,300,0,S
order,000001.SZ,2016-05-04 09:33:47.420000,0.0,1000,0,C
order,000001.SZ,2016-05-04 09:33:47.560000,10.9,300,0,S
order,000001.SZ,2016-05-04 09:33:47.630000,10.7,9200,0,S
order,000001.SZ,2016-05-04 09:33:47.630000,10.69,1000,0,B
order,000001.SZ,2016-05-04 09:33:47.750000,10.7,916,0,S
order,000001.SZ,2016-05-04 09:33:48.210000,10.69,10000,0,B
order,000001.SZ,2016-05-04 09:33:48.510000,10.68,100,0,S
order,000001.SZ,2016-05-04 09:33:48.710000,10.7,4600,0,S
order,000001.SZ,2016-05-04 09:33:49.690000,10.65,4700,0,B
order,000001.SZ,2016-05-04 09:33:49.730000,10.69,337800,0,B
order,000001.SZ,2016-05-04 09:33:50.200000,10.99,2000,0,S
order,000001.SZ,2016-05-04 09:33:50.270000,11.19,1500,0,S
order,000001.SZ,2016-05-04 09:33:50.590000,10.8,100,0,S
order,000001.SZ,2016-05-04 09:33:50.830000,10.56,2000,0,B
order,000001.SZ,2016-05-04 09:33:50.910000,10.7,4000,0,S
order,000001.SZ,2016-05-04 09:33:50.930000,10.69,10000,0,S
order,000001.SZ,2016-05-04 09:33:51.170000,10.69,300,0,S
order,000001.SZ,2016-05-04 09:33:51.280000,10.7,2000,0,S
order,000001.SZ,2016-05-04 09:33:51.370000,10.6,1000,0,B
order,000001.SZ,2016-05-04 09:33:51.460000,10.69,500,0,S
order,000001.SZ,2016-05-04 09:33:51.600000,10.96,1500,0,S
order,000001.SZ,2016-05-04 09:33:51.680000,10.65,10900,0,B
order,000001.SZ,2016-05-04 09:33:51.700000,10.67,100,0,B
order,000001.SZ,2016-05-04 09:33:51.990000,10.99,5000,0,S
order,000001.SZ,2016-05-04 09:33:52.470000,10.69,10000,0,S
order,000001.SZ,2016-05-04 09:33:52.510000,10.67,5000,0,B
order,000001.SZ,2016-05-04 09:33:52.560000,10.68,900,0,B
order,000001.SZ,2016-05-04 09:33:53.110000,10.65,1000,0,B
order,000001.SZ,2016-05-04 09:33:53.470000,10.69,200,0,S
order,000001.SZ,2016-05-04 09:33:54.040000,10.68,1000,0,B
order,000001.SZ,2016-05-04 09:33:54.140000,0.0,60000,0,C
order,000001.SZ,2016-05-04 09:33:54.240000,11.75,300,0,S
order,000001.SZ,2016-05-04 09:33:54.340000,10.71,400,0,S
order,000001.SZ,2016-05-04 09:33:54.690000,10.67,1000,0,B
order,000001.SZ,2016-05-04 09:33:55.170000,10.67,1000,0,B
order,000001.SZ,2016-05-04 09:33:55.260000,11.12,700,0,S
order,000001.SZ,2016-05-04 09:33:55.380000,10.7,400,0,S
order,000001.SZ,2016-05-04 09:33:55.390000,10.7,2000,0,B
order,000001.SZ,2016-05-04 09:33:55.460000,10.69,4200,0,S
order,000001.SZ,2016-05-04 09:33:55.470000,11.69,1000,0,S
order,000001.SZ,2016-05-04 09:33:55.560000,10.98,100,0,S
order,000001.SZ,2016-05-04 09:33:55.790000,10.66,3000,0,B
order,000001.SZ,2016-05-04 09:33:55.800000,11.38,2000,0,S
order,000001.SZ,2016-05-04 09:33:55.970000,11.2,1500,0,S
order,000001.SZ,2016-05-04 09:33:56.120000,10.73,100,0,S
order,000001.SZ,2016-05-04 09:33:56.300000,11.7,1000,0,S
order,000001.SZ,2016-05-04 09:33:56.360000,10.69,2100,0,B
order,000001.SZ,2016-05-04 09:33:56.520000,10.68,1300,0,B
order,000001.SZ,2016-05-04 09:33:56.570000,10.69,1000,0,S
order,000001.SZ,2016-05-04 09:33:56.950000,10.69,1600,0,B
order,000001.SZ,2016-05-04 09:33:57.070000,10.67,1000,0,B
order,000001.SZ,2016-05-04 09:33:57.100000,10.68,2000,0,B
order,000001.SZ,2016-05-04 09:33:57.150000,10.69,2000,0,B
order,000001.SZ,2016-05-04 09:33:57.430000,10.68,600,0,B
order,000001.SZ,2016-05-04 09:33:57.430000,10.67,10000,0,B
order,000001.SZ,2016-05-04 09:33:57.610000,10.76,5000,0,S
order,000001.SZ,2016-05-04 09:33:57.730000,10.99,1000,0,S
order,000001.SZ,2016-05-04 09:33:57.790000,10.74,4000,0,S
order,000001.SZ,2016-05-04 09:33:57.950000,0.0,2200,0,C
order,000001.SZ,2016-05-04 09:33:58.290000,10.55,3000,0,B
order,000001.SZ,2016-05-04 09:33:58.520000,10.7,900,0,B
order,000001.SZ,2016-05-04 09:33:58.700000,0.0,800,0,C
order,000001.SZ,2016-05-04 09:33:59.140000,10.72,800,0,S
order,000001.SZ,2016-05-04 09:33:59.640000,0.0,300,0,C
order,000001.SZ,2016-05-04 09:33:59.670000,0.0,1000,0,C
order,000001.SZ,2016-05-04 09:33:59.770000,10.8,5000,0,S
order,000001.SZ,2016-05-04 09:33:59.980000,10.48,500,0,S
order,000001.SZ,2016-05-04 09:34:00.220000,10.69,1000,0,B
order,000001.SZ,2016-05-04 09:34:00.560000,0.0,10000,0,C
order,000001.SZ,2016-05-04 09:34:00.600000,10.8,500,0,S
order,000001.SZ,2016-05-04 09:34:00.620000,10.68,5000,0,B
order,000001.SZ,2016-05-04 09:34:01.060000,10.7,100,0,S
order,000001.SZ,2016-05-04 09:34:01.190000,10.67,5000,0,B
order,000001.SZ,2016-05-04 09:34:01.210000,11.57,5000,0,S
order,000001.SZ,2016-05-04 09:34:01.550000,0.0,900,0,C
order,000001.SZ,2016-05-04 09:34:01.570000,10.5,3000,0,B
order,000001.SZ,2016-05-04 09:34:01.840000,10.66,3000,0,B
order,000001.SZ,2016-05-04 09:34:02.290000,10.7,100,0,B
order,000001.SZ,2016-05-04 09:34:02.430000,10.68,500,0,S
order,000001.SZ,2016-05-04 09:34:03.290000,10.7,100000,0,S
order,000001.SZ,2016-05-04 09:34:04.020000,10.69,2200,0,S
order,000001.SZ,2016-05-04 09:34:04.190000,10.61,15000,0,B
order,000001.SZ,2016-05-04 09:34:04.220000,10.73,30000,0,S
order,000001.SZ,2016-05-04 09:34:04.410000,10.7,3000,0,S
order,000001.SZ,2016-05-04 09:34:04.540000,10.7,500,0,S
order,000001.SZ,2016-05-04 09:34:04.740000,10.68,5000,0,B
order,000001.SZ,2016-05-04 09:34:04.800000,11.09,200,0,S
order,000001.SZ,2016-05-04 09:34:05.090000,10.67,2000,0,B
order,000001.SZ,2016-05-04 09:34:05.310000,10.64,1200,0,B
order,000001.SZ,2016-05-04 09:34:05.870000,10.69,60000,0,S
order,000001.SZ,2016-05-04 09:34:06.740000,10.06,1500,0,B
order,000001.SZ,2016-05-04 09:34:07.100000,10.73,5000,0,S
order,000001.SZ,2016-05-04 09:34:07.200000,0.0,600,0,C
order,000001.SZ,2016-05-04 09:34:07.290000,10.77,1500,0,S
order,000001.SZ,2016-05-04 09:34:07.870000,10.69,40000,0,B
order,000001.SZ,2016-05-04 09:34:08.460000,10.68,300,0,B
order,000001.SZ,2016-05-04 09:34:09.030000,10.69,200,0,S
order,000001.SZ,2016-05-04 09:34:09.240000,11.38,100,0,S
order,000001.SZ,2016-05-04 09:34:09.240000,10.71,10000,0,B
order,000001.SZ,2016-05-04 09:34:09.260000,11.0,7000,0,S
order,000001.SZ,2016-05-04 09:34:09.680000,10.69,2000,0,B
order,000001.SZ,2016-05-04 09:34:10.350000,10.7,7400,0,S
order,000001.SZ,2016-05-04 09:34:10.950000,10.69,500,0,B
order,000001.SZ,2016-05-04 09:34:11.050000,11.0,500,0,S
order,000001.SZ,2016-05-04 09:34:11.260000,0.0,2500,0,C
order,000001.SZ,2016-05-04 09:34:11.340000,10.59,1000,0,B
order,000001.SZ,2016-05-04 09:34:11.910000,10.71,500,0,S
order,000001.SZ,2016-05-04 09:34:11.940000,10.69,2300,0,B
order,000001.SZ,2016-05-04 09:34:11.980000,10.75,20000,0,S
order,000001.SZ,2016-05-04 09:34:12.000000,10.96,500,0,S
order,000001.SZ,2016-05-04 09:34:12.350000,10.6,1000,0,B
order,000001.SZ,2016-05-04 09:34:12.710000,11.23,1000,0,S
order,000001.SZ,2016-05-04 09:34:12.730000,10.69,500,0,S
order,000001.SZ,2016-05-04 09:34:12.820000,11.6,1200,0,S
order,000001.SZ,2016-05-04 09:34:12.890000,10.67,1200,0,B
order,000001.SZ,2016-05-04 09:34:13.090000,10.7,1000,0,B
order,000001.SZ,2016-05-04 09:34:13.550000,10.73,600,0,S
order,000001.SZ,2016-05-04 09:34:13.890000,10.7,1000,0,B
order,000001.SZ,2016-05-04 09:34:13.960000,10.7,200,0,S
order,000001.SZ,2016-05-04 09:34:14.220000,10.6,1000,0,B
order,000001.SZ,2016-05-04 09:34:15.240000,10.68,10000,0,B
order,000001.SZ,2016-05-04 09:34:15.790000,10.69,5000,0,S
order,000001.SZ,2016-05-04 09:34:15.900000,11.73,100,0,S
order,000001.SZ,2016-05-04 09:34:16.190000,10.7,1500,0,B
order,000001.SZ,2016-05-04 09:34:16.230000,10.79,1600,0,S
order,000001.SZ,2016-05-04 09:34:16.420000,10.7,10000,0,B
order,000001.SZ,2016-05-04 09:34:16.680000,0.0,3100,0,C
order,000001.SZ,2016-05-04 09:34:16.700000,10.69,200,0,B
order,000001.SZ,2016-05-04 09:34:16.720000,10.69,1000,0,B
order,000001.SZ,2016-05-04 09:34:16.870000,10.69,3000,0,B
order,000001.SZ,2016-05-04 09:34:16.940000,11.52,3000,0,S
order,000001.SZ,2016-05-04 09:34:17.180000,10.69,300,0,S
order,000001.SZ,2016-05-04 09:34:17.400000,10.85,500,0,S
order,000001.SZ,2016-05-04 09:34:18.190000,10.7,1000,0,B
order,000001.SZ,2016-05-04 09:34:18.840000,10.73,500,0,B
order,000001.SZ,2016-05-04 09:34:19.010000,0.0,1000,0,C
order,000001.SZ,2016-05-04 09:34:19.860000,11.3,200,0,S
order,000001.SZ,2016-05-04 09:34:20.190000,10.9,10000,0,S
order,000001.SZ,2016-05-04 09:34:20.310000,10.7,61800,0,S
order,000001.SZ,2016-05-04 09:34:20.430000,10.72,900,0,S
order,000001.SZ,2016-05-04 09:34:20.600000,10.68,100,0,B
order,000001.SZ,2016-05-04 09:34:20.830000,10.73,1000,0,S
order,000001.SZ,2016-05-04 09:34:21.140000,10.76,3000,0,S
order,000001.SZ,2016-05-04 09:34:21.290000,10.67,100000,0,B
order,000001.SZ,2016-05-04 09:34:21.860000,10.7,3000,0,B
order,000001.SZ,2016-05-04 09:34:21.970000,10.69,2000,0,S
order,000001.SZ,2016-05-04 09:34:22.200000,0.0,500,0,C
order,000001.SZ,2016-05-04 09:34:22.410000,10.85,3000,0,S
order,000001.SZ,2016-05-04 09:34:22.870000,10.6,600,0,B
order,000001.SZ,2016-05-04 09:34:23.000000,10.69,1000,0,S
order,000001.SZ,2016-05-04 09:34:23.630000,10.6,500,0,S
order,000001.SZ,2016-05-04 09:34:23.660000,10.7,5000,0,S
order,000001.SZ,2016-05-04 09:34:24.010000,10.71,10000,0,S
order,000001.SZ,2016-05-04 09:34:24.540000,10.86,300,0,S
order,000001.SZ,2016-05-04 09:34:24.680000,10.69,10000,0,B
order,000001.SZ,2016-05-04 09:34:24.700000,10.78,2000,0,S
order,000001.SZ,2016-05-04 09:34:25.360000,10.7,500,0,S
order,000001.SZ,2016-05-04 09:34:25.710000,10.7,5000,0,B
order,000001.SZ,2016-05-04 09:34:26.170000,10.7,19000,0,S
order,000001.SZ,2016-05-04 09:34:26.210000,10.65,1100,0,B
order,000001.SZ,2016-05-04 09:34:26.280000,10.7,1400,0,S
order,000001.SZ,2016-05-04 09:34:26.660000,10.7,300,0,B
order,000001.SZ,2016-05-04 09:34:26.900000,0.0,8200,0,C
order,000001.SZ,2016-05-04 09:34:27.320000,10.75,800,0,S
order,000001.SZ,2016-05-04 09:34:27.360000,10.69,5000,0,S
order,000001.SZ,2016-05-04 09:34:27.950000,10.7,2000,0,B
order,000001.SZ,2016-05-04 09:34:28.110000,10.69,2300,0,B
order,000001.SZ,2016-05-04 09:34:28.200000,0.0,4100,0,C
order,000001.SZ,2016-05-04 09:34:28.530000,10.74,3000,0,S
order,000001.SZ,2016-05-04 09:34:28.600000,10.98,700,0,S
order,000001.SZ,2016-05-04 09:34:29.010000,11.33,1000,0,S
order,000001.SZ,2016-05-04 09:34:29.380000,10.79,2300,0,S
order,000001.SZ,2016-05-04 09:34:29.550000,10.74,200,0,S
order,000001.SZ,2016-05-04 09:34:29.630000,10.48,500,0,S
order,000001.SZ,2016-05-04 09:34:29.800000,10.7,1000,0,B
order,000001.SZ,2016-05-04 09:34:29.970000,0.0,500,0,C
order,000001.SZ,2016-05-04 09:34:30.130000,10.67,3500,0,B
order,000001.SZ,2016-05-04 09:34:30.250000,10.69,1500,0,S
order,000001.SZ,2016-05-04 09:34:30.720000,10.65,2500,0,B
order,000001.SZ,2016-05-04 09:34:30.830000,11.75,500,0,S
order,000001.SZ,2016-05-04 09:34:31.870000,10.92,1000,0,S
order,000001.SZ,2016-05-04 09:34:32.010000,10.7,20000,0,B
order,000001.SZ,2016-05-04 09:34:32.030000,10.78,1000,0,S
order,000001.SZ,2016-05-04 09:34:32.510000,10.7,1200,0,B
order,000001.SZ,2016-05-04 09:34:33.040000,10.65,5000,0,B
order,000001.SZ,2016-05-04 09:34:33.270000,9.61,400,0,B
order,000001.SZ,2016-05-04 09:34:33.380000,10.7,5000,0,S
order,000001.SZ,2016-05-04 09:34:33.380000,10.75,10000,0,S
order,000001.SZ,2016-05-04 09:34:33.610000,11.0,6000,0,S
order,000001.SZ,2016-05-04 09:34:33.770000,10.7,100,0,S
order,000001.SZ,2016-05-04 09:34:34.030000,11.73,500,0,S
order,000001.SZ,2016-05-04 09:34:34.560000,10.99,3000,0,S
order,000001.SZ,2016-05-04 09:34:34.590000,10.69,10400,0,S
order,000001.SZ,2016-05-04 09:34:34.630000,10.69,60000,0,S
order,000001.SZ,2016-05-04 09:34:35.560000,10.69,3000,0,B
order,000001.SZ,2016-05-04 09:34:35.620000,0.0,7400,0,C
order,000001.SZ,2016-05-04 09:34:35.640000,10.65,500,0,B
order,000001.SZ,2016-05-04 09:34:35.680000,10.6,400,0,B
order,000001.SZ,2016-05-04 09:34:35.700000,10.72,1000,0,S
order,000001.SZ,2016-05-04 09:34:35.750000,10.81,500,0,S
order,000001.SZ,2016-05-04 09:34:36.670000,10.73,10000,0,S
order,000001.SZ,2016-05-04 09:34:36.700000,0.0,3000,0,C
order,000001.SZ,2016-05-04 09:34:37.030000,10.69,100,0,B
order,000001.SZ,2016-05-04 09:34:37.160000,10.64,2000,0,B
order,000001.SZ,2016-05-04 09:34:37.250000,10.7,600,0,S
order,000001.SZ,2016-05-04 09:34:37.860000,10.7,1000,0,B
order,000001.SZ,2016-05-04 09:34:37.930000,10.68,10000,0,B
order,000001.SZ,2016-05-04 09:34:38.100000,0.0,5000,0,C
order,000001.SZ,2016-05-04 09:34:38.490000,10.79,1000,0,S
order,000001.SZ,2016-05-04 09:34:38.550000,10.79,1300,0,S
order,000001.SZ,2016-05-04 09:34:39.100000,10.74,1000,0,S
order,000001.SZ,2016-05-04 09:34:39.590000,10.66,600,0,S
order,000001.SZ,2016-05-04 09:34:40.140000,11.75,10000,0,S
order,000001.SZ,2016-05-04 09:34:40.640000,10.73,10100,0,B
order,000001.SZ,2016-05-04 09:34:41.390000,10.7,2000,0,S
order,000001.SZ,2016-05-04 09:34:41.440000,0.0,30000,0,C
order,000001.SZ,2016-05-04 09:34:41.440000,10.68,29300,0,B
order,000001.SZ,2016-05-04 09:34:41.730000,10.68,500,0,B
order,000001.SZ,2016-05-04 09:34:41.900000,10.69,900,0,S
order,000001.SZ,2016-05-04 09:34:42.380000,10.68,400,0,B
order,000001.SZ,2016-05-04 09:34:42.440000,10.69,700,0,B
order,000001.SZ,2016-05-04 09:34:43.180000,10.69,1000,0,S
order,000001.SZ,2016-05-04 09:34:43.490000,11.29,500,0,S
order,000001.SZ,2016-05-04 09:34:43.600000,10.7,1400,0,S
order,000001.SZ,2016-05-04 09:34:44.250000,10.69,3900,0,B
order,000001.SZ,2016-05-04 09:34:44.350000,0.0,500,0,C
order,000001.SZ,2016-05-04 09:34:44.570000,0.0,500,0,C
order,000001.SZ,2016-05-04 09:34:45.490000,10.76,800,0,S
order,000001.SZ,2016-05-04 09:34:45.660000,10.69,1000,0,B
order,000001.SZ,2016-05-04 09:34:45.800000,10.71,1000,0,S
order,000001.SZ,2016-05-04 09:34:45.880000,11.75,1000,0,S
order,000001.SZ,2016-05-04 09:34:46.040000,10.69,1500,0,B
order,000001.SZ,2016-05-04 09:34:46.180000,10.7,5000,0,S
order,000001.SZ,2016-05-04 09:34:46.240000,10.7,100,0,S
order,000001.SZ,2016-05-04 09:34:46.300000,10.66,100,0,B
order,000001.SZ,2016-05-04 09:34:46.350000,10.68,400,0,S
order,000001.SZ,2016-05-04 09:34:46.500000,11.58,500,0,S
order,000001.SZ,2016-05-04 09:34:46.900000,10.79,500,0,S
order,000001.SZ,2016-05-04 09:34:47.670000,11.51,500,0,S
order,000001.SZ,2016-05-04 09:34:48.650000,10.7,1500,0,B
order,000001.SZ,2016-05-04 09:34:48.840000,0.0,6300,0,C
order,000001.SZ,2016-05-04 09:34:48.920000,0.0,1000,0,C
order,000001.SZ,2016-05-04 09:34:49.060000,10.7,1500,0,B
order,000001.SZ,2016-05-04 09:34:49.550000,10.69,5000,0,S
order,000001.SZ,2016-05-04 09:34:49.650000,10.73,1500,0,S
order,000001.SZ,2016-05-04 09:34:49.700000,10.7,300,0,B
order,000001.SZ,2016-05-04 09:34:49.980000,11.75,400,0,S
order,000001.SZ,2016-05-04 09:34:50.010000,10.71,1200,0,S
order,000001.SZ,2016-05-04 09:34:50.740000,10.73,2000,0,S
order,000001.SZ,2016-05-04 09:34:50.830000,10.7,1000,0,S
order,000001.SZ,2016-05-04 09:34:50.920000,10.69,600,0,S
order,000001.SZ,2016-05-04 09:34:51.170000,10.74,5000,0,S
order,000001.SZ,2016-05-04 09:34:51.190000,10.0,500,0,B
order,000001.SZ,2016-05-04 09:34:51.330000,0.0,1000,0,C
order,000001.SZ,2016-05-04 09:34:51.350000,10.69,900,0,B
order,000001.SZ,2016-05-04 09:34:51.350000,11.7,1100,0,S
order,000001.SZ,2016-05-04 09:34:51.410000,10.7,800,0,B
order,000001.SZ,2016-05-04 09:34:51.590000,10.68,500,0,B
order,000001.SZ,2016-05-04 09:34:51.680000,10.78,1000,0,S
order,000001.SZ,2016-05-04 09:34:51.720000,10.76,7400,0,S
order,000001.SZ,2016-05-04 09:34:51.720000,10.71,5000,0,S
order,000001.SZ,2016-05-04 09:34:52.000000,10.98,500,0,S
order,000001.SZ,2016-05-04 09:34:52.020000,10.73,1000,0,S
order,000001.SZ,2016-05-04 09:34:52.270000,10.7,7300,0,S
order,000001.SZ,2016-05-04 09:34:52.310000,10.9,400,0,S
order,000001.SZ,2016-05-04 09:34:52.750000,10.71,500,0,S
order,000001.SZ,2016-05-04 09:34:53.630000,11.7,2000,0,S
order,000001.SZ,2016-05-04 09:34:53.730000,0.0,54000,0,C
order,000001.SZ,2016-05-04 09:34:54.190000,10.8,500,0,S
order,000001.SZ,2016-05-04 09:34:54.320000,10.7,1000,0,B
order,000001.SZ,2016-05-04 09:34:54.370000,10.61,1400,0,B
order,000001.SZ,2016-05-04 09:34:54.470000,10.69,200,0,S
order,000001.SZ,2016-05-04 09:34:54.610000,0.0,32500,0,C
order,000001.SZ,2016-05-04 09:34:54.610000,0.0,10900,0,C
order,000001.SZ,2016-05-04 09:34:54.610000,10.63,32500,0,B
order,000001.SZ,2016-05-04 09:34:54.700000,10.7,7400,0,S
order,000001.SZ,2016-05-04 09:34:54.820000,10.7,1500,0,S
order,000001.SZ,2016-05-04 09:34:54.870000,10.7,100,0,B
order,000001.SZ,2016-05-04 09:34:54.950000,10.74,20000,0,S
order,000001.SZ,2016-05-04 09:34:55.090000,10.58,200,0,B
order,000001.SZ,2016-05-04 09:34:55.310000,10.7,5000,0,S
order,000001.SZ,2016-05-04 09:34:55.330000,10.87,1000,0,S
order,000001.SZ,2016-05-04 09:34:56.600000,10.65,1500,0,B
order,000001.SZ,2016-05-04 09:34:56.650000,10.7,3800,0,B
order,000001.SZ,2016-05-04 09:34:56.660000,10.77,5000,0,S
order,000001.SZ,2016-05-04 09:34:56.710000,0.0,4700,0,C
order,000001.SZ,2016-05-04 09:34:57.150000,10.7,2000,0,B
order,000001.SZ,2016-05-04 09:34:57.330000,11.63,100,0,S
order,000001.SZ,2016-05-04 09:34:57.360000,10.78,300,0,S
order,000001.SZ,2016-05-04 09:34:57.360000,10.74,1500,0,S
order,000001.SZ,2016-05-04 09:34:57.640000,10.79,1000,0,S
order,000001.SZ,2016-05-04 09:34:57.730000,10.9,1000,0,S
order,000001.SZ,2016-05-04 09:34:57.740000,10.69,1000,0,S
order,000001.SZ,2016-05-04 09:34:57.930000,10.7,500,0,B
order,000001.SZ,2016-05-04 09:34:57.990000,10.7,600,0,S
order,000001.SZ,2016-05-04 09:34:58.110000,0.0,2000,0,C
order,000001.SZ,2016-05-04 09:34:58.580000,10.69,500,0,B
order,000001.SZ,2016-05-04 09:34:58.600000,10.8,500,0,S
order,000001.SZ,2016-05-04 09:34:58.860000,0.0,1000,0,C
order,000001.SZ,2016-05-04 09:34:58.950000,10.7,10000,0,B
order,000001.SZ,2016-05-04 09:34:59.670000,10.73,1700,0,S
order,000001.SZ,2016-05-04 09:34:59.710000,10.48,500,0,S
order,000001.SZ,2016-05-04 09:34:59.890000,10.69,37000,0,S
order,000001.SZ,2016-05-04 09:35:00.000000,10.71,4100,0,S
order,000001.SZ,2016-05-04 09:35:00.080000,10.7,1000,0,B
order,000001.SZ,2016-05-04 09:35:00.160000,10.82,300,0,S
order,000001.SZ,2016-05-04 09:35:00.590000,11.0,500,0,S
order,000001.SZ,2016-05-04 09:35:00.620000,10.97,1300,0,S
order,000001.SZ,2016-05-04 09:35:00.690000,10.87,2000,0,S
order,000001.SZ,2016-05-04 09:35:00.710000,10.5,2000,0,B
order,000001.SZ,2016-05-04 09:35:00.910000,11.0,100,0,S
order,000001.SZ,2016-05-04 09:35:01.180000,0.0,7200,0,C
order,000001.SZ,2016-05-04 09:35:01.220000,11.09,1500,0,S
order,000001.SZ,2016-05-04 09:35:01.530000,10.69,200,0,B
order,000001.SZ,2016-05-04 09:35:01.570000,10.6,1000,0,B
order,000001.SZ,2016-05-04 09:35:02.010000,10.67,600,0,B
order,000001.SZ,2016-05-04 09:35:02.230000,10.75,2000,0,S
order,000001.SZ,2016-05-04 09:35:02.250000,10.84,1000,0,S
order,000001.SZ,2016-05-04 09:35:02.510000,10.98,1000,0,S
order,000001.SZ,2016-05-04 09:35:02.830000,10.72,1000,0,B
order,000001.SZ,2016-05-04 09:35:03.750000,10.69,600,0,S
order,000001.SZ,2016-05-04 09:35:03.810000,10.7,500,0,B
order,000001.SZ,2016-05-04 09:35:03.820000,10.61,500,0,B
order,000001.SZ,2016-05-04 09:35:04.140000,0.0,2000,0,C
order,000001.SZ,2016-05-04 09:35:04.450000,10.7,1600,0,S
order,000001.SZ,2016-05-04 09:35:04.730000,10.69,37700,0,B
order,000001.SZ,2016-05-04 09:35:04.820000,11.38,200,0,S
order,000001.SZ,2016-05-04 09:35:05.150000,0.0,1000,0,C
order,000001.SZ,2016-05-04 09:35:05.180000,10.9,5000,0,S
order,000001.SZ,2016-05-04 09:35:05.280000,10.8,26500,0,B
order,000001.SZ,2016-05-04 09:35:05.340000,9.63,1000,0,B
order,000001.SZ,2016-05-04 09:35:05.380000,10.69,10000,0,S
order,000001.SZ,2016-05-04 09:35:05.730000,10.7,200,0,B
order,000001.SZ,2016-05-04 09:35:05.910000,10.89,1000,0,S
order,000001.SZ,2016-05-04 09:35:06.470000,10.69,1000,0,B
order,000001.SZ,2016-05-04 09:35:06.470000,0.0,2000,0,C
order,000001.SZ,2016-05-04 09:35:06.530000,10.69,200,0,B
order,000001.SZ,2016-05-04 09:35:06.540000,10.7,40800,0,S
order,000001.SZ,2016-05-04 09:35:07.010000,10.69,97300,0,B
order,000001.SZ,2016-05-04 09:35:07.020000,10.7,2000,0,S
order,000001.SZ,2016-05-04 09:35:07.680000,10.8,2000,0,S
order,000001.SZ,2016-05-04 09:35:07.700000,10.93,1000,0,S
order,000001.SZ,2016-05-04 09:35:07.840000,10.7,500,0,B
order,000001.SZ,2016-05-04 09:35:08.040000,10.64,3000,0,B
order,000001.SZ,2016-05-04 09:35:08.110000,10.58,500,0,B
order,000001.SZ,2016-05-04 09:35:08.350000,10.7,500,0,S
order,000001.SZ,2016-05-04 09:35:08.500000,10.71,10000,0,B
order,000001.SZ,2016-05-04 09:35:08.530000,0.0,600,0,C
order,000001.SZ,2016-05-04 09:35:08.660000,10.69,2800,0,B
order,000001.SZ,2016-05-04 09:35:08.980000,10.7,21000,0,B
order,000001.SZ,2016-05-04 09:35:09.130000,10.69,3000,0,S
order,000001.SZ,2016-05-04 09:35:09.280000,10.69,100,0,B
order,000001.SZ,2016-05-04 09:35:09.410000,10.69,600,0,S
order,000001.SZ,2016-05-04 09:35:10.230000,10.7,5000,0,S
order,000001.SZ,2016-05-04 09:35:10.530000,10.7,500000,0,B
order,000001.SZ,2016-05-04 09:35:10.790000,10.71,500,0,S
order,000001.SZ,2016-05-04 09:35:10.950000,10.69,5000,0,S
order,000001.SZ,2016-05-04 09:35:11.360000,10.7,100,0,B
order,000001.SZ,2016-05-04 09:35:11.480000,10.75,400,0,S
order,000001.SZ,2016-05-04 09:35:12.190000,10.83,1000,0,S
order,000001.SZ,2016-05-04 09:35:12.610000,10.67,500,0,B
order,000001.SZ,2016-05-04 09:35:12.610000,10.97,2000,0,S
order,000001.SZ,2016-05-04 09:35:12.670000,10.7,1000,0,B
order,000001.SZ,2016-05-04 09:35:12.700000,10.76,2500,0,S
order,000001.SZ,2016-05-04 09:35:12.780000,11.0,2000,0,S
order,000001.SZ,2016-05-04 09:35:12.980000,10.99,2400,0,S
order,000001.SZ,2016-05-04 09:35:13.190000,10.69,1600,0,S
order,000001.SZ,2016-05-04 09:35:13.370000,10.7,300,0,S
order,000001.SZ,2016-05-04 09:35:13.440000,10.79,5000,0,S
order,000001.SZ,2016-05-04 09:35:13.440000,10.88,5000,0,S
order,000001.SZ,2016-05-04 09:35:14.420000,10.78,12000,0,S
order,000001.SZ,2016-05-04 09:35:14.760000,10.7,200,0,B
order,000001.SZ,2016-05-04 09:35:16.040000,10.62,300,0,B
order,000001.SZ,2016-05-04 09:35:16.490000,10.68,1000,0,B
order,000001.SZ,2016-05-04 09:35:16.640000,10.69,3900,0,B
order,000001.SZ,2016-05-04 09:35:16.800000,10.9,40000,0,S
order,000001.SZ,2016-05-04 09:35:17.210000,10.7,200,0,S
order,000001.SZ,2016-05-04 09:35:17.220000,10.69,900,0,B
order,000001.SZ,2016-05-04 09:35:17.380000,0.0,1000,0,C
order,000001.SZ,2016-05-04 09:35:18.230000,10.71,4000,0,S
order,000001.SZ,2016-05-04 09:35:18.590000,10.73,500,0,S
order,000001.SZ,2016-05-04 09:35:19.180000,10.7,500,0,S
order,000001.SZ,2016-05-04 09:35:19.410000,10.63,500,0,B
order,000001.SZ,2016-05-04 09:35:19.610000,10.71,500,0,B
order,000001.SZ,2016-05-04 09:35:19.790000,10.99,400,0,S
order,000001.SZ,2016-05-04 09:35:19.810000,10.71,100,0,B
order,000001.SZ,2016-05-04 09:35:20.170000,10.69,2900,0,B
order,000001.SZ,2016-05-04 09:35:20.270000,10.97,1000,0,S
order,000001.SZ,2016-05-04 09:35:20.620000,10.7,1000,0,B
order,000001.SZ,2016-05-04 09:35:20.640000,0.0,100,0,C
order,000001.SZ,2016-05-04 09:35:20.740000,10.87,2000,0,S
order,000001.SZ,2016-05-04 09:35:21.160000,0.0,2900,0,C
order,000001.SZ,2016-05-04 09:35:21.600000,10.7,800,0,S
order,000001.SZ,2016-05-04 09:35:21.600000,0.0,97300,0,C
order,000001.SZ,2016-05-04 09:35:21.600000,0.0,32500,0,C
order,000001.SZ,2016-05-04 09:35:21.680000,10.7,5300,0,B
order,000001.SZ,2016-05-04 09:35:21.980000,10.68,600,0,B
order,000001.SZ,2016-05-04 09:35:22.330000,10.69,100,0,S
order,000001.SZ,2016-05-04 09:35:22.350000,10.7,1000,0,B
order,000001.SZ,2016-05-04 09:35:22.650000,0.0,1500,0,C
order,000001.SZ,2016-05-04 09:35:22.770000,10.67,100,0,B
order,000001.SZ,2016-05-04 09:35:22.830000,10.71,76400,0,S
order,000001.SZ,2016-05-04 09:35:23.460000,10.92,18300,0,S
order,000001.SZ,2016-05-04 09:35:23.480000,10.7,1700,0,B
order,000001.SZ,2016-05-04 09:35:23.570000,0.0,100,0,C
