类型,WindCode,成交日期时间,成交价格,成交数量,成交金额,买卖方向
transaction,000001.SZ,2016-05-04 09:30:00.220000,10.68,857,9152.0,83
transaction,000001.SZ,2016-05-04 09:30:00.240000,10.68,1443,15411.0,83
transaction,000001.SZ,2016-05-04 09:30:00.300000,10.68,1000,10680.0,83
transaction,000001.SZ,2016-05-04 09:30:00.330000,0.0,1500,0.0,32
transaction,000001.SZ,2016-05-04 09:30:00.340000,0.0,5000,0.0,32
transaction,000001.SZ,2016-05-04 09:30:00.360000,10.68,2557,27308.0,83
transaction,000001.SZ,2016-05-04 09:30:00.360000,10.68,100,1068.0,83
transaction,000001.SZ,2016-05-04 09:30:00.370000,10.68,43,459.0,83
transaction,000001.SZ,2016-05-04 09:30:00.370000,0.0,10000,0.0,32
transaction,000001.SZ,2016-05-04 09:30:00.390000,0.0,700,0.0,32
transaction,000001.SZ,2016-05-04 09:30:00.400000,0.0,100,0.0,32
transaction,000001.SZ,2016-05-04 09:30:00.400000,10.68,600,6408.0,83
transaction,000001.SZ,2016-05-04 09:30:00.480000,10.68,257,2744.0,83
transaction,000001.SZ,2016-05-04 09:30:00.480000,10.68,500,5340.0,83
transaction,000001.SZ,2016-05-04 09:30:00.480000,10.68,25500,272340.0,83
transaction,000001.SZ,2016-05-04 09:30:00.480000,10.68,500,5340.0,83
transaction,000001.SZ,2016-05-04 09:30:00.490000,10.68,4900,52332.0,83
transaction,000001.SZ,2016-05-04 09:30:00.490000,10.68,2000,21360.0,83
transaction,000001.SZ,2016-05-04 09:30:00.490000,10.68,1100,11748.0,83
transaction,000001.SZ,2016-05-04 09:30:00.490000,10.68,11300,120684.0,83
transaction,000001.SZ,2016-05-04 09:30:00.490000,10.68,3943,42111.0,83
transaction,000001.SZ,2016-05-04 09:30:00.500000,10.68,57,608.0,83
transaction,000001.SZ,2016-05-04 09:30:00.500000,10.68,1000,10680.0,83
transaction,000001.SZ,2016-05-04 09:30:00.900000,0.0,500,0.0,32
transaction,000001.SZ,2016-05-04 09:30:00.940000,10.68,300,3204.0,66
transaction,000001.SZ,2016-05-04 09:30:01.010000,10.68,3643,38907.0,66
transaction,000001.SZ,2016-05-04 09:30:01.010000,10.68,1357,14492.0,66
transaction,000001.SZ,2016-05-04 09:30:01.090000,0.0,900,0.0,32
transaction,000001.SZ,2016-05-04 09:30:01.220000,10.68,5643,60267.0,66
transaction,000001.SZ,2016-05-04 09:30:01.220000,10.68,500,5340.0,66
transaction,000001.SZ,2016-05-04 09:30:01.220000,10.68,8757,93524.0,66
transaction,000001.SZ,2016-05-04 09:30:01.220000,10.68,5000,53400.0,66
transaction,000001.SZ,2016-05-04 09:30:01.270000,10.68,300,3204.0,66
transaction,000001.SZ,2016-05-04 09:30:01.270000,10.68,2000,21360.0,66
transaction,000001.SZ,2016-05-04 09:30:01.560000,10.68,10000,106800.0,66
transaction,000001.SZ,2016-05-04 09:30:01.630000,0.0,300,0.0,32
transaction,000001.SZ,2016-05-04 09:30:01.670000,10.68,3943,42111.0,66
transaction,000001.SZ,2016-05-04 09:30:01.670000,10.68,400,4272.0,66
transaction,000001.SZ,2016-05-04 09:30:01.670000,10.68,1657,17696.0,66
transaction,000001.SZ,2016-05-04 09:30:01.670000,10.68,1000,10680.0,66
transaction,000001.SZ,2016-05-04 09:30:01.670000,10.67,4000,42680.0,83
transaction,000001.SZ,2016-05-04 09:30:01.880000,10.68,500,5340.0,66
transaction,000001.SZ,2016-05-04 09:30:01.890000,0.0,300,0.0,32
transaction,000001.SZ,2016-05-04 09:30:01.890000,0.0,300,0.0,32
transaction,000001.SZ,2016-05-04 09:30:02.000000,10.68,500,5340.0,66
transaction,600000.SH,2016-05-04 09:30:00.230000,18.06,2000,36120.0,66
transaction,600000.SH,2016-05-04 09:30:00.260000,18.05,500,9025.0,83
transaction,600000.SH,2016-05-04 09:30:00.260000,18.05,2500,45125.0,83
transaction,600000.SH,2016-05-04 09:30:01.470000,18.06,300,5418.0,66
transaction,000001.SZ,2016-05-04 09:30:02.030000,10.68,600,6408.0,66
transaction,600000.SH,2016-05-04 09:30:02.080000,18.06,500,9030.0,66
transaction,000001.SZ,2016-05-04 09:30:02.270000,0.0,30000,0.0,32
transaction,000001.SZ,2016-05-04 09:30:02.310000,10.68,743,7935.0,66
transaction,000001.SZ,2016-05-04 09:30:02.310000,10.68,500,5340.0,66
transaction,000001.SZ,2016-05-04 09:30:02.310000,10.68,1000,10680.0,66
transaction,000001.SZ,2016-05-04 09:30:02.310000,10.68,100,1068.0,66
transaction,000001.SZ,2016-05-04 09:30:02.310000,10.68,500,5340.0,66
transaction,000001.SZ,2016-05-04 09:30:02.310000,10.68,4300,45924.0,66
transaction,000001.SZ,2016-05-04 09:30:02.310000,10.68,3000,32040.0,66
transaction,000001.SZ,2016-05-04 09:30:02.310000,10.68,5057,54008.0,66
transaction,000001.SZ,2016-05-04 09:30:02.350000,10.68,100,1068.0,66
transaction,000001.SZ,2016-05-04 09:30:02.390000,10.68,1000,10680.0,66
transaction,000001.SZ,2016-05-04 09:30:02.390000,10.67,600,6402.0,83
transaction,000001.SZ,2016-05-04 09:30:02.430000,10.68,1000,10680.0,66
transaction,000001.SZ,2016-05-04 09:30:02.560000,0.0,1000,0.0,32
transaction,000001.SZ,2016-05-04 09:30:02.630000,10.68,200,2136.0,66
transaction,000001.SZ,2016-05-04 09:30:02.650000,10.68,700,7476.0,66
transaction,000001.SZ,2016-05-04 09:30:02.690000,10.68,200,2136.0,66
transaction,000001.SZ,2016-05-04 09:30:02.690000,10.68,2000,21360.0,66
transaction,000001.SZ,2016-05-04 09:30:02.720000,0.0,2100,0.0,32
transaction,000001.SZ,2016-05-04 09:30:02.740000,10.68,100,1068.0,66
transaction,000001.SZ,2016-05-04 09:30:02.750000,0.0,1000,0.0,32
transaction,000001.SZ,2016-05-04 09:30:02.860000,10.68,2000,21360.0,66
transaction,000001.SZ,2016-05-04 09:30:03.090000,10.68,1000,10680.0,66
transaction,000001.SZ,2016-05-04 09:30:03.150000,0.0,1700,0.0,32
transaction,000001.SZ,2016-05-04 09:30:03.180000,0.0,1800,0.0,32
transaction,000001.SZ,2016-05-04 09:30:03.190000,10.68,1000,10680.0,66
transaction,000001.SZ,2016-05-04 09:30:03.230000,10.68,100,1068.0,66
transaction,000001.SZ,2016-05-04 09:30:03.230000,0.0,100,0.0,32
transaction,000001.SZ,2016-05-04 09:30:03.280000,10.67,2000,21340.0,83
transaction,000001.SZ,2016-05-04 09:30:03.440000,10.67,600,6402.0,83
transaction,000001.SZ,2016-05-04 09:30:03.460000,10.68,1000,10680.0,66
transaction,000001.SZ,2016-05-04 09:30:03.570000,10.68,4543,48519.0,66
transaction,000001.SZ,2016-05-04 09:30:03.570000,10.68,700,7476.0,66
transaction,000001.SZ,2016-05-04 09:30:03.570000,10.68,100,1068.0,66
transaction,000001.SZ,2016-05-04 09:30:03.570000,10.68,500,5340.0,66
transaction,000001.SZ,2016-05-04 09:30:03.570000,10.68,12857,137312.0,66
transaction,000001.SZ,2016-05-04 09:30:03.640000,10.68,500,5340.0,66
transaction,600000.SH,2016-05-04 09:30:02.250000,18.06,600,10836.0,66
transaction,600000.SH,2016-05-04 09:30:02.470000,18.06,400,7223.0,66
transaction,600000.SH,2016-05-04 09:30:02.580000,18.06,100,1805.0,66
transaction,600000.SH,2016-05-04 09:30:02.580000,18.06,100,1805.0,66
transaction,600000.SH,2016-05-04 09:30:02.580000,18.08,4800,86783.0,66
transaction,600000.SH,2016-05-04 09:30:02.910000,18.06,200,3611.0,83
transaction,600000.SH,2016-05-04 09:30:03.020000,18.06,300,5418.0,83
transaction,600000.SH,2016-05-04 09:30:03.020000,18.06,100,1805.0,83
transaction,600000.SH,2016-05-04 09:30:03.020000,18.06,500,9030.0,83
transaction,600000.SH,2016-05-04 09:30:03.030000,18.05,2500,45125.0,83
transaction,600000.SH,2016-05-04 09:30:03.030000,18.05,2000,36100.0,83
transaction,600000.SH,2016-05-04 09:30:03.030000,18.05,1000,18050.0,83
transaction,600000.SH,2016-05-04 09:30:03.030000,18.05,800,14440.0,83
transaction,600000.SH,2016-05-04 09:30:03.150000,18.03,500,9015.0,83
transaction,600000.SH,2016-05-04 09:30:03.150000,18.03,1500,27045.0,83
transaction,600000.SH,2016-05-04 09:30:03.150000,18.02,600,10812.0,83
transaction,600000.SH,2016-05-04 09:30:03.150000,18.02,900,16218.0,83
transaction,600000.SH,2016-05-04 09:30:03.310000,18.03,100,1803.0,66
transaction,600000.SH,2016-05-04 09:30:03.420000,18.03,4900,88347.0,66
transaction,600000.SH,2016-05-04 09:30:03.420000,18.04,500,9020.0,66
transaction,600000.SH,2016-05-04 09:30:03.420000,18.05,200,3610.0,66
transaction,600000.SH,2016-05-04 09:30:03.420000,18.04,100,1804.0,83
transaction,600000.SH,2016-05-04 09:30:03.510000,18.02,100,1802.0,83
transaction,600000.SH,2016-05-04 09:30:03.510000,18.02,400,7208.0,83
transaction,000001.SZ,2016-05-04 09:30:04.020000,10.68,1000,10680.0,66
transaction,000001.SZ,2016-05-04 09:30:04.050000,10.68,2200,23496.0,66
transaction,000001.SZ,2016-05-04 09:30:04.050000,10.68,3700,39516.0,66
transaction,000001.SZ,2016-05-04 09:30:04.120000,0.0,1000,0.0,32
transaction,000001.SZ,2016-05-04 09:30:04.170000,0.0,200,0.0,32
transaction,000001.SZ,2016-05-04 09:30:04.200000,10.68,10000,106800.0,66
transaction,000001.SZ,2016-05-04 09:30:04.360000,0.0,800,0.0,32
transaction,000001.SZ,2016-05-04 09:30:04.440000,0.0,500,0.0,32
transaction,000001.SZ,2016-05-04 09:30:04.440000,0.0,1000,0.0,32
transaction,600000.SH,2016-05-04 09:30:04.530000,18.03,8700,156861.0,66
transaction,000001.SZ,2016-05-04 09:30:04.530000,10.68,700,7476.0,66
transaction,600000.SH,2016-05-04 09:30:04.530000,18.03,500,9015.0,66
transaction,000001.SZ,2016-05-04 09:30:04.650000,10.68,5000,53400.0,66
transaction,600000.SH,2016-05-04 09:30:04.980000,18.03,200,3606.0,66
transaction,600000.SH,2016-05-04 09:30:04.980000,18.05,1600,28880.0,66
transaction,000001.SZ,2016-05-04 09:30:05.030000,10.68,3043,32499.0,66
transaction,000001.SZ,2016-05-04 09:30:05.030000,10.68,3600,38448.0,66
transaction,000001.SZ,2016-05-04 09:30:05.030000,10.68,100,1068.0,66
transaction,000001.SZ,2016-05-04 09:30:05.030000,10.68,1000,10680.0,66
transaction,000001.SZ,2016-05-04 09:30:05.030000,10.68,6357,67892.0,66
transaction,000001.SZ,2016-05-04 09:30:05.170000,10.67,500,5335.0,83
transaction,600000.SH,2016-05-04 09:30:05.200000,18.05,200,3610.0,66
transaction,600000.SH,2016-05-04 09:30:05.710000,18.05,100,1805.0,66
transaction,600000.SH,2016-05-04 09:30:06.030000,18.05,100,1805.0,66
transaction,600000.SH,2016-05-04 09:30:06.190000,18.05,500,9025.0,66
transaction,600000.SH,2016-05-04 09:30:06.200000,18.05,400,7220.0,66
transaction,600000.SH,2016-05-04 09:30:06.880000,18.05,600,10830.0,66
transaction,600000.SH,2016-05-04 09:30:06.880000,18.05,600,10830.0,66
transaction,600000.SH,2016-05-04 09:30:06.880000,18.05,600,10830.0,66
transaction,600000.SH,2016-05-04 09:30:06.880000,18.05,1300,23465.0,66
transaction,600000.SH,2016-05-04 09:30:06.880000,18.05,300,5415.0,66
transaction,600000.SH,2016-05-04 09:30:06.880000,18.05,1000,18050.0,66
transaction,600000.SH,2016-05-04 09:30:06.880000,18.05,600,10830.0,66
transaction,600000.SH,2016-05-04 09:30:06.950000,18.05,400,7220.0,66
transaction,600000.SH,2016-05-04 09:30:06.950000,18.06,400,7223.0,66
transaction,000001.SZ,2016-05-04 09:30:08.320000,10.68,13300,142044.0,66
transaction,600000.SH,2016-05-04 09:30:08.390000,18.05,400,7220.0,83
transaction,600000.SH,2016-05-04 09:30:08.910000,18.06,600,10836.0,66
transaction,600000.SH,2016-05-04 09:30:08.910000,18.06,200,3611.0,66
transaction,600000.SH,2016-05-04 09:30:08.910000,18.06,2000,36120.0,66
transaction,000001.SZ,2016-05-04 09:30:12.160000,10.67,1500,16005.0,83
transaction,000001.SZ,2016-05-04 09:30:12.280000,10.67,100,1067.0,83
transaction,600000.SH,2016-05-04 09:30:12.350000,18.08,100,1807.0,66
transaction,000001.SZ,2016-05-04 09:30:16.150000,10.68,343,3663.0,66
transaction,000001.SZ,2016-05-04 09:30:16.150000,10.68,657,7016.0,66
transaction,600000.SH,2016-05-04 09:30:15.260000,18.06,3700,66822.0,83
transaction,600000.SH,2016-05-04 09:30:16.890000,18.06,3600,65015.0,83
transaction,000001.SZ,2016-05-04 09:30:18.120000,10.67,700,7469.0,83
transaction,000001.SZ,2016-05-04 09:30:18.120000,10.67,400,4268.0,83
transaction,000001.SZ,2016-05-04 09:30:18.120000,10.67,2000,21340.0,83
transaction,000001.SZ,2016-05-04 09:30:18.120000,10.67,1900,20273.0,83
transaction,000001.SZ,2016-05-04 09:30:19.880000,10.68,1343,14343.0,66
transaction,000001.SZ,2016-05-04 09:30:19.880000,10.68,500,5340.0,66
transaction,000001.SZ,2016-05-04 09:30:19.880000,10.68,500,5340.0,66
transaction,000001.SZ,2016-05-04 09:30:19.880000,10.68,400,4272.0,66
transaction,000001.SZ,2016-05-04 09:30:19.880000,10.68,1257,13424.0,66
transaction,000001.SZ,2016-05-04 09:30:20.900000,10.67,500,5335.0,83
transaction,600000.SH,2016-05-04 09:30:21.680000,18.08,100,1807.0,66
transaction,600000.SH,2016-05-04 09:30:21.680000,18.08,700,12655.0,66
transaction,600000.SH,2016-05-04 09:30:22.810000,18.06,1000,18060.0,83
transaction,000001.SZ,2016-05-04 09:30:25.210000,0.0,5000,0.0,32
transaction,000001.SZ,2016-05-04 09:30:25.410000,0.0,31100,0.0,32
transaction,000001.SZ,2016-05-04 09:30:25.590000,0.0,1500,0.0,32
transaction,000001.SZ,2016-05-04 09:30:27.040000,10.67,600,6402.0,83
transaction,000001.SZ,2016-05-04 09:30:27.040000,10.67,1400,14938.0,83
transaction,000001.SZ,2016-05-04 09:30:28.170000,10.68,343,3663.0,66
transaction,000001.SZ,2016-05-04 09:30:28.170000,10.68,657,7016.0,66
transaction,000001.SZ,2016-05-04 09:30:29.750000,0.0,1000,0.0,32
transaction,000001.SZ,2016-05-04 09:30:30.470000,10.67,500,5335.0,83
transaction,000001.SZ,2016-05-04 09:30:31.380000,0.0,100,0.0,32
transaction,000001.SZ,2016-05-04 09:30:31.650000,10.68,2343,25023.0,66
transaction,000001.SZ,2016-05-04 09:30:31.650000,10.68,14100,150588.0,66
transaction,000001.SZ,2016-05-04 09:30:31.650000,10.68,2000,21360.0,66
transaction,000001.SZ,2016-05-04 09:30:31.650000,10.68,8057,86048.0,66
transaction,600000.SH,2016-05-04 09:30:31.010000,18.08,1200,21695.0,66
transaction,000001.SZ,2016-05-04 09:30:32.170000,0.0,3000,0.0,32
transaction,000001.SZ,2016-05-04 09:30:32.430000,10.68,3000,32040.0,66
transaction,000001.SZ,2016-05-04 09:30:32.710000,10.68,2500,26700.0,66
transaction,000001.SZ,2016-05-04 09:30:33.590000,0.0,4900,0.0,32
transaction,000001.SZ,2016-05-04 09:30:34.060000,0.0,300,0.0,32
transaction,000001.SZ,2016-05-04 09:30:34.120000,0.0,300,0.0,32
transaction,000001.SZ,2016-05-04 09:30:34.120000,0.0,400,0.0,32
transaction,000001.SZ,2016-05-04 09:30:34.170000,0.0,300,0.0,32
transaction,600000.SH,2016-05-04 09:30:32.450000,18.07,1500,27105.0,83
transaction,600000.SH,2016-05-04 09:30:33.310000,18.08,800,14463.0,66
transaction,600000.SH,2016-05-04 09:30:34.500000,18.08,800,14463.0,66
transaction,600000.SH,2016-05-04 09:30:35.160000,18.08,800,14463.0,66
transaction,000001.SZ,2016-05-04 09:30:36.430000,0.0,1700,0.0,32
transaction,000001.SZ,2016-05-04 09:30:36.500000,0.0,1600,0.0,32
transaction,000001.SZ,2016-05-04 09:30:36.560000,10.68,10000,106800.0,66
transaction,600000.SH,2016-05-04 09:30:35.260000,18.07,400,7228.0,83
transaction,600000.SH,2016-05-04 09:30:36.070000,18.07,3700,66859.0,83
transaction,600000.SH,2016-05-04 09:30:36.120000,18.07,14400,260208.0,83
transaction,600000.SH,2016-05-04 09:30:36.120000,18.06,800,14447.0,83
transaction,600000.SH,2016-05-04 09:30:36.120000,18.06,100,1805.0,83
transaction,600000.SH,2016-05-04 09:30:36.120000,18.06,300,5418.0,83
transaction,600000.SH,2016-05-04 09:30:36.120000,18.06,600,10836.0,83
transaction,600000.SH,2016-05-04 09:30:36.120000,18.06,10000,180600.0,83
transaction,600000.SH,2016-05-04 09:30:36.120000,18.06,400,7223.0,83
transaction,600000.SH,2016-05-04 09:30:36.120000,18.06,200,3611.0,83
transaction,600000.SH,2016-05-04 09:30:37.690000,18.06,600,10836.0,66
transaction,000001.SZ,2016-05-04 09:30:38.040000,10.68,100,1068.0,66
transaction,000001.SZ,2016-05-04 09:30:38.760000,10.68,3843,41043.0,66
transaction,000001.SZ,2016-05-04 09:30:38.760000,10.68,2000,21360.0,66
transaction,000001.SZ,2016-05-04 09:30:38.760000,10.68,500,5340.0,66
transaction,000001.SZ,2016-05-04 09:30:38.760000,10.68,300,3204.0,66
transaction,000001.SZ,2016-05-04 09:30:38.760000,10.68,13357,142652.0,66
transaction,000001.SZ,2016-05-04 09:30:40.360000,10.67,3000,32010.0,83
transaction,600000.SH,2016-05-04 09:30:40.590000,18.05,900,16245.0,83
transaction,600000.SH,2016-05-04 09:30:40.660000,18.05,300,5415.0,83
transaction,000001.SZ,2016-05-04 09:30:41.270000,10.67,54900,585783.0,83
transaction,000001.SZ,2016-05-04 09:30:41.430000,10.67,1000,10670.0,83
transaction,000001.SZ,2016-05-04 09:30:43.430000,10.68,5500,58740.0,66
transaction,000001.SZ,2016-05-04 09:30:43.640000,10.67,5000,53350.0,83
transaction,600000.SH,2016-05-04 09:30:42.880000,18.06,1000,18060.0,66
transaction,600000.SH,2016-05-04 09:30:43.600000,18.06,100,1805.0,66
transaction,600000.SH,2016-05-04 09:30:43.790000,18.06,1500,27089.0,66
transaction,000001.SZ,2016-05-04 09:30:45.160000,10.68,400,4272.0,66
transaction,000001.SZ,2016-05-04 09:30:46.120000,10.67,5000,53350.0,83
transaction,000001.SZ,2016-05-04 09:30:46.720000,10.68,500,5340.0,66
transaction,600000.SH,2016-05-04 09:30:45.050000,18.07,100,1807.0,66
transaction,600000.SH,2016-05-04 09:30:45.050000,18.08,700,12655.0,66
transaction,000001.SZ,2016-05-04 09:30:47.340000,10.67,1200,12804.0,83
transaction,000001.SZ,2016-05-04 09:30:48.440000,10.67,400,4268.0,83
transaction,000001.SZ,2016-05-04 09:30:49.520000,0.0,4000,0.0,32
transaction,600000.SH,2016-05-04 09:30:47.740000,18.08,17000,307360.0,83
transaction,000001.SZ,2016-05-04 09:30:50.350000,10.68,243,2595.0,66
transaction,000001.SZ,2016-05-04 09:30:50.350000,10.68,157,1676.0,66
transaction,000001.SZ,2016-05-04 09:30:51.040000,10.68,100,1068.0,66
transaction,000001.SZ,2016-05-04 09:30:51.780000,0.0,1700,0.0,32
transaction,600000.SH,2016-05-04 09:30:50.730000,18.08,2200,39775.0,83
transaction,600000.SH,2016-05-04 09:30:50.730000,18.08,600,10847.0,83
transaction,600000.SH,2016-05-04 09:30:50.730000,18.08,200,3615.0,83
transaction,600000.SH,2016-05-04 09:30:50.770000,18.08,600,10847.0,83
transaction,600000.SH,2016-05-04 09:30:50.770000,18.06,400,7223.0,83
transaction,600000.SH,2016-05-04 09:30:51.870000,18.1,2400,43440.0,66
transaction,600000.SH,2016-05-04 09:30:51.870000,18.1,300,5430.0,66
transaction,600000.SH,2016-05-04 09:30:51.870000,18.1,300,5430.0,66
transaction,600000.SH,2016-05-04 09:30:51.870000,18.1,400,7240.0,66
transaction,000001.SZ,2016-05-04 09:30:54.590000,10.67,700,7469.0,83
transaction,000001.SZ,2016-05-04 09:30:55.870000,10.68,700,7476.0,66
transaction,600000.SH,2016-05-04 09:30:54.090000,18.09,800,14472.0,83
transaction,600000.SH,2016-05-04 09:30:56.090000,18.1,1000,18100.0,66
transaction,000001.SZ,2016-05-04 09:30:56.670000,10.67,1000,10670.0,83
transaction,000001.SZ,2016-05-04 09:30:57.150000,10.67,2000,21340.0,83
transaction,000001.SZ,2016-05-04 09:30:57.380000,10.67,1000,10670.0,83
transaction,000001.SZ,2016-05-04 09:30:57.620000,10.67,500,5335.0,83
transaction,000001.SZ,2016-05-04 09:30:58.620000,10.68,2600,27768.0,66
transaction,600000.SH,2016-05-04 09:30:57.040000,18.1,10100,182810.0,66
transaction,600000.SH,2016-05-04 09:30:58.950000,18.1,3300,59730.0,66
transaction,000001.SZ,2016-05-04 09:30:59.050000,0.0,400,0.0,32
transaction,000001.SZ,2016-05-04 09:30:59.390000,10.68,700,7476.0,66
transaction,000001.SZ,2016-05-04 09:30:59.660000,0.0,1000,0.0,32
transaction,000001.SZ,2016-05-04 09:30:59.850000,10.67,500,5335.0,83
transaction,000001.SZ,2016-05-04 09:31:00.530000,10.67,21900,233673.0,83
transaction,000001.SZ,2016-05-04 09:31:00.530000,10.67,1000,10670.0,83
transaction,000001.SZ,2016-05-04 09:31:00.530000,10.67,1900,20273.0,83
transaction,000001.SZ,2016-05-04 09:31:00.580000,10.68,743,7935.0,66
transaction,000001.SZ,2016-05-04 09:31:00.580000,10.68,557,5948.0,66
transaction,000001.SZ,2016-05-04 09:31:01.040000,10.68,100,1068.0,66
transaction,000001.SZ,2016-05-04 09:31:01.660000,10.68,343,3663.0,66
transaction,000001.SZ,2016-05-04 09:31:01.660000,10.68,2000,21360.0,66
transaction,000001.SZ,2016-05-04 09:31:01.660000,10.68,11457,122360.0,66
transaction,600000.SH,2016-05-04 09:31:00.640000,18.1,1000,18100.0,66
transaction,000001.SZ,2016-05-04 09:31:02.130000,10.67,800,8536.0,83
transaction,000001.SZ,2016-05-04 09:31:03.110000,10.68,2700,28836.0,66
transaction,000001.SZ,2016-05-04 09:31:03.620000,10.68,700,7476.0,66
transaction,000001.SZ,2016-05-04 09:31:04.860000,0.0,300,0.0,32
transaction,600000.SH,2016-05-04 09:31:03.610000,18.1,2000,36200.0,66
transaction,600000.SH,2016-05-04 09:31:03.960000,18.1,1300,23530.0,66
transaction,600000.SH,2016-05-04 09:31:04.050000,18.1,200,3620.0,66
transaction,600000.SH,2016-05-04 09:31:04.590000,18.1,1000,18100.0,66
transaction,000001.SZ,2016-05-04 09:31:05.110000,10.68,1900,20292.0,66
transaction,000001.SZ,2016-05-04 09:31:07.060000,10.68,7200,76896.0,66
transaction,600000.SH,2016-05-04 09:31:06.260000,18.09,200,3618.0,83
transaction,600000.SH,2016-05-04 09:31:06.260000,18.09,1800,32562.0,83
transaction,000001.SZ,2016-05-04 09:31:08.780000,0.0,10000,0.0,32
transaction,000001.SZ,2016-05-04 09:31:09.320000,10.67,4000,42680.0,83
transaction,000001.SZ,2016-05-04 09:31:09.360000,10.67,6400,68288.0,83
transaction,000001.SZ,2016-05-04 09:31:09.550000,10.68,21200,226416.0,66
transaction,000001.SZ,2016-05-04 09:31:09.730000,10.67,36900,393723.0,83
transaction,000001.SZ,2016-05-04 09:31:09.730000,10.67,13100,139777.0,83
transaction,000001.SZ,2016-05-04 09:31:10.020000,10.68,13300,142044.0,66
transaction,000001.SZ,2016-05-04 09:31:10.120000,10.68,700,7476.0,66
transaction,600000.SH,2016-05-04 09:31:10.240000,18.09,1000,18090.0,83
transaction,600000.SH,2016-05-04 09:31:10.480000,18.09,300,5427.0,83
transaction,600000.SH,2016-05-04 09:31:10.690000,18.1,35100,635310.0,66
transaction,000001.SZ,2016-05-04 09:31:11.300000,10.68,700,7476.0,66
transaction,000001.SZ,2016-05-04 09:31:11.500000,10.67,8300,88561.0,83
transaction,000001.SZ,2016-05-04 09:31:11.500000,10.67,1000,10670.0,83
transaction,000001.SZ,2016-05-04 09:31:11.500000,10.67,3000,32010.0,83
transaction,000001.SZ,2016-05-04 09:31:11.500000,10.67,1000,10670.0,83
transaction,000001.SZ,2016-05-04 09:31:11.500000,10.67,100,1067.0,83
transaction,000001.SZ,2016-05-04 09:31:11.500000,10.67,2800,29876.0,83
transaction,000001.SZ,2016-05-04 09:31:11.500000,10.67,200,2134.0,83
transaction,000001.SZ,2016-05-04 09:31:11.500000,10.67,1500,16005.0,83
transaction,000001.SZ,2016-05-04 09:31:11.500000,10.67,2100,22407.0,83
transaction,000001.SZ,2016-05-04 09:31:11.830000,10.67,1600,17072.0,83
transaction,000001.SZ,2016-05-04 09:31:11.950000,10.68,800,8544.0,66
transaction,000001.SZ,2016-05-04 09:31:11.950000,10.67,6300,67221.0,83
transaction,000001.SZ,2016-05-04 09:31:11.950000,10.67,2000,21340.0,83
transaction,000001.SZ,2016-05-04 09:31:11.950000,10.67,1000,10670.0,83
transaction,600000.SH,2016-05-04 09:31:11.810000,18.1,1000,18100.0,66
transaction,600000.SH,2016-05-04 09:31:12.430000,18.1,1000,18100.0,66
transaction,600000.SH,2016-05-04 09:31:12.700000,18.09,1500,27135.0,83
transaction,000001.SZ,2016-05-04 09:31:14.450000,0.0,4000,0.0,32
transaction,000001.SZ,2016-05-04 09:31:15.030000,10.67,12300,131241.0,66
transaction,000001.SZ,2016-05-04 09:31:15.030000,10.67,21300,227271.0,66
transaction,000001.SZ,2016-05-04 09:31:17.380000,10.67,4300,45881.0,66
transaction,000001.SZ,2016-05-04 09:31:18.130000,10.67,800,8536.0,66
transaction,000001.SZ,2016-05-04 09:31:18.640000,10.67,4700,50149.0,66
transaction,000001.SZ,2016-05-04 09:31:18.640000,10.67,100,1067.0,66
transaction,000001.SZ,2016-05-04 09:31:18.640000,10.67,2000,21340.0,66
transaction,000001.SZ,2016-05-04 09:31:18.640000,10.67,2000,21340.0,66
transaction,000001.SZ,2016-05-04 09:31:18.640000,10.68,40943,437271.0,66
transaction,000001.SZ,2016-05-04 09:31:18.640000,10.68,2000,21360.0,66
transaction,000001.SZ,2016-05-04 09:31:18.640000,10.68,20000,213600.0,66
transaction,000001.SZ,2016-05-04 09:31:18.640000,10.68,10300,110004.0,66
transaction,000001.SZ,2016-05-04 09:31:18.640000,10.68,1500,16020.0,66
transaction,000001.SZ,2016-05-04 09:31:18.640000,10.68,1000,10680.0,66
transaction,000001.SZ,2016-05-04 09:31:18.640000,10.68,500,5340.0,66
transaction,000001.SZ,2016-05-04 09:31:18.640000,10.68,2000,21360.0,66
transaction,000001.SZ,2016-05-04 09:31:18.640000,10.68,2000,21360.0,66
transaction,000001.SZ,2016-05-04 09:31:18.640000,10.68,100000,1068000.0,66
transaction,000001.SZ,2016-05-04 09:31:18.640000,10.68,1000,10680.0,66
transaction,000001.SZ,2016-05-04 09:31:18.640000,10.68,1400,14952.0,66
transaction,000001.SZ,2016-05-04 09:31:18.640000,10.68,100000,1068000.0,66
transaction,000001.SZ,2016-05-04 09:31:18.640000,10.68,400,4272.0,66
transaction,000001.SZ,2016-05-04 09:31:18.640000,10.68,8157,87116.0,66
transaction,600000.SH,2016-05-04 09:31:17.550000,18.1,101800,1842580.0,66
transaction,600000.SH,2016-05-04 09:31:18.350000,18.1,200,3620.0,66
transaction,600000.SH,2016-05-04 09:31:18.920000,18.1,13300,240730.0,66
transaction,000001.SZ,2016-05-04 09:31:20.440000,10.67,2000,21340.0,66
transaction,000001.SZ,2016-05-04 09:31:21.420000,10.67,1000,10670.0,66
transaction,600000.SH,2016-05-04 09:31:20.850000,18.1,1200,21720.0,66
transaction,600000.SH,2016-05-04 09:31:21.670000,18.1,1000,18100.0,66
transaction,600000.SH,2016-05-04 09:31:22.600000,18.09,300,5427.0,83
transaction,600000.SH,2016-05-04 09:31:22.600000,18.09,700,12663.0,83
transaction,000001.SZ,2016-05-04 09:31:24.730000,10.67,1000,10670.0,66
transaction,600000.SH,2016-05-04 09:31:23.200000,18.09,200,3618.0,83
transaction,600000.SH,2016-05-04 09:31:25.190000,18.1,500,9050.0,66
transaction,600000.SH,2016-05-04 09:31:25.720000,18.09,200,3618.0,83
transaction,600000.SH,2016-05-04 09:31:25.760000,18.1,500,9050.0,66
transaction,000001.SZ,2016-05-04 09:31:26.830000,10.67,1000,10670.0,66
transaction,000001.SZ,2016-05-04 09:31:27.210000,10.67,2000,21340.0,66
transaction,000001.SZ,2016-05-04 09:31:27.460000,0.0,2500,0.0,32
transaction,000001.SZ,2016-05-04 09:31:28.310000,10.67,1000,10670.0,66
transaction,000001.SZ,2016-05-04 09:31:28.370000,10.67,7100,75757.0,66
transaction,000001.SZ,2016-05-04 09:31:28.940000,10.67,100,1067.0,66
transaction,600000.SH,2016-05-04 09:31:28.420000,18.1,100,1810.0,66
transaction,000001.SZ,2016-05-04 09:31:29.760000,10.66,500,5330.0,83
transaction,000001.SZ,2016-05-04 09:31:29.830000,10.67,1000,10670.0,66
transaction,000001.SZ,2016-05-04 09:31:30.960000,10.67,5000,53350.0,66
transaction,000001.SZ,2016-05-04 09:31:31.600000,10.66,100,1066.0,83
transaction,000001.SZ,2016-05-04 09:31:31.600000,10.66,1900,20254.0,83
transaction,000001.SZ,2016-05-04 09:31:31.630000,10.66,100,1066.0,83
transaction,000001.SZ,2016-05-04 09:31:31.630000,10.66,300,3198.0,83
transaction,000001.SZ,2016-05-04 09:31:31.630000,10.66,700,7462.0,83
transaction,600000.SH,2016-05-04 09:31:29.260000,18.1,6600,119460.0,66
transaction,600000.SH,2016-05-04 09:31:29.340000,18.09,900,16281.0,83
transaction,600000.SH,2016-05-04 09:31:29.340000,18.09,400,7236.0,83
transaction,600000.SH,2016-05-04 09:31:29.340000,18.09,600,10854.0,83
transaction,600000.SH,2016-05-04 09:31:29.340000,18.09,500,9045.0,83
transaction,600000.SH,2016-05-04 09:31:29.340000,18.09,300,5427.0,83
transaction,600000.SH,2016-05-04 09:31:30.720000,18.1,10000,181000.0,66
transaction,600000.SH,2016-05-04 09:31:32.000000,18.1,200,3620.0,66
transaction,600000.SH,2016-05-04 09:31:32.040000,18.1,500,9050.0,66
transaction,000001.SZ,2016-05-04 09:31:33.110000,10.67,3800,40546.0,66
transaction,000001.SZ,2016-05-04 09:31:33.780000,10.67,1000,10670.0,66
transaction,000001.SZ,2016-05-04 09:31:34.080000,10.67,10000,106700.0,66
transaction,000001.SZ,2016-05-04 09:31:34.640000,10.67,1000,10670.0,66
transaction,000001.SZ,2016-05-04 09:31:34.640000,0.0,1000,0.0,32
transaction,600000.SH,2016-05-04 09:31:32.400000,18.1,1300,23530.0,66
transaction,600000.SH,2016-05-04 09:31:32.670000,18.1,300,5430.0,66
transaction,600000.SH,2016-05-04 09:31:32.860000,18.1,200,3620.0,66
transaction,600000.SH,2016-05-04 09:31:34.220000,18.1,300,5430.0,66
transaction,600000.SH,2016-05-04 09:31:34.890000,18.1,300,5430.0,66
transaction,000001.SZ,2016-05-04 09:31:35.040000,10.67,900,9603.0,66
transaction,000001.SZ,2016-05-04 09:31:35.040000,10.67,100,1067.0,66
transaction,000001.SZ,2016-05-04 09:31:36.680000,0.0,500,0.0,32
transaction,000001.SZ,2016-05-04 09:31:36.790000,10.67,800,8536.0,66
transaction,000001.SZ,2016-05-04 09:31:36.790000,10.67,600,6402.0,66
transaction,000001.SZ,2016-05-04 09:31:36.790000,10.67,2000,21340.0,66
transaction,000001.SZ,2016-05-04 09:31:36.790000,10.67,7200,76824.0,66
transaction,000001.SZ,2016-05-04 09:31:36.790000,10.67,100,1067.0,66
transaction,000001.SZ,2016-05-04 09:31:37.660000,10.67,1400,14938.0,83
transaction,600000.SH,2016-05-04 09:31:35.190000,18.1,200,3620.0,66
transaction,600000.SH,2016-05-04 09:31:35.640000,18.1,4100,74210.0,66
transaction,600000.SH,2016-05-04 09:31:35.640000,18.1,2000,36200.0,66
transaction,600000.SH,2016-05-04 09:31:36.680000,18.1,1800,32580.0,83
transaction,000001.SZ,2016-05-04 09:31:38.160000,10.68,1543,16479.0,66
transaction,000001.SZ,2016-05-04 09:31:38.160000,10.68,500,5340.0,66
transaction,000001.SZ,2016-05-04 09:31:38.160000,10.68,800,8544.0,66
transaction,000001.SZ,2016-05-04 09:31:38.160000,10.68,5100,54468.0,66
transaction,000001.SZ,2016-05-04 09:31:38.160000,10.68,800,8544.0,66
transaction,000001.SZ,2016-05-04 09:31:38.160000,10.68,300,3204.0,66
transaction,000001.SZ,2016-05-04 09:31:38.160000,10.68,500,5340.0,66
transaction,000001.SZ,2016-05-04 09:31:38.160000,10.68,5000,53400.0,66
transaction,000001.SZ,2016-05-04 09:31:38.160000,10.68,300,3204.0,66
transaction,000001.SZ,2016-05-04 09:31:38.160000,10.68,2000,21360.0,66
transaction,000001.SZ,2016-05-04 09:31:38.160000,10.68,1000,10680.0,66
transaction,000001.SZ,2016-05-04 09:31:38.160000,10.68,2000,21360.0,66
transaction,000001.SZ,2016-05-04 09:31:38.160000,10.68,2500,26700.0,66
transaction,000001.SZ,2016-05-04 09:31:38.160000,10.69,1600,17104.0,66
transaction,000001.SZ,2016-05-04 09:31:38.160000,10.69,1000,10690.0,66
transaction,000001.SZ,2016-05-04 09:31:38.160000,10.69,2000,21380.0,66
transaction,000001.SZ,2016-05-04 09:31:38.160000,10.69,1000,10690.0,66
transaction,000001.SZ,2016-05-04 09:31:38.160000,10.69,800,8552.0,66
transaction,000001.SZ,2016-05-04 09:31:38.160000,10.69,257,2747.0,66
transaction,000001.SZ,2016-05-04 09:31:38.410000,10.67,20000,213400.0,83
transaction,000001.SZ,2016-05-04 09:31:39.260000,10.67,5000,53350.0,83
transaction,000001.SZ,2016-05-04 09:31:39.810000,10.67,100,1067.0,83
transaction,600000.SH,2016-05-04 09:31:40.300000,18.1,1000,18100.0,83
transaction,600000.SH,2016-05-04 09:31:40.300000,18.1,300,5430.0,83
transaction,000001.SZ,2016-05-04 09:31:41.290000,10.67,430,4588.0,83
transaction,000001.SZ,2016-05-04 09:31:42.310000,0.0,2100,0.0,32
transaction,000001.SZ,2016-05-04 09:31:42.710000,10.69,243,2597.0,66
transaction,000001.SZ,2016-05-04 09:31:42.710000,10.69,2000,21380.0,66
transaction,000001.SZ,2016-05-04 09:31:42.710000,10.69,5000,53450.0,66
transaction,000001.SZ,2016-05-04 09:31:42.710000,10.69,2757,29472.0,66
transaction,600000.SH,2016-05-04 09:31:41.920000,18.11,4100,74251.0,66
transaction,600000.SH,2016-05-04 09:31:41.920000,18.11,5900,106849.0,66
transaction,600000.SH,2016-05-04 09:31:41.920000,18.11,200,3622.0,66
transaction,600000.SH,2016-05-04 09:31:41.920000,18.12,300,5436.0,66
transaction,600000.SH,2016-05-04 09:31:43.920000,18.1,2000,36200.0,83
transaction,000001.SZ,2016-05-04 09:31:47.000000,10.67,1000,10670.0,83
transaction,600000.SH,2016-05-04 09:31:46.170000,18.12,38,688.0,66
transaction,600000.SH,2016-05-04 09:31:46.170000,18.12,1,18.0,66
transaction,600000.SH,2016-05-04 09:31:46.170000,18.12,100,1812.0,66
transaction,600000.SH,2016-05-04 09:31:46.170000,18.12,1000,18120.0,66
transaction,600000.SH,2016-05-04 09:31:46.170000,18.12,61,1105.0,66
transaction,600000.SH,2016-05-04 09:31:46.340000,18.12,39,706.0,66
transaction,600000.SH,2016-05-04 09:31:46.340000,18.12,200,3624.0,66
transaction,600000.SH,2016-05-04 09:31:46.340000,18.12,600,10872.0,66
transaction,600000.SH,2016-05-04 09:31:46.340000,18.12,200,3624.0,66
transaction,600000.SH,2016-05-04 09:31:46.340000,18.12,61,1105.0,66
transaction,600000.SH,2016-05-04 09:31:47.040000,18.11,300,5433.0,83
transaction,600000.SH,2016-05-04 09:31:47.040000,18.1,200,3620.0,83
transaction,000001.SZ,2016-05-04 09:31:48.320000,0.0,2800,0.0,32
transaction,000001.SZ,2016-05-04 09:31:48.750000,10.67,370,3947.0,83
transaction,000001.SZ,2016-05-04 09:31:48.750000,10.67,30000,320100.0,83
transaction,000001.SZ,2016-05-04 09:31:48.750000,10.67,4700,50149.0,83
transaction,000001.SZ,2016-05-04 09:31:48.750000,10.67,1000,10670.0,83
transaction,000001.SZ,2016-05-04 09:31:48.750000,10.67,400,4268.0,83
transaction,000001.SZ,2016-05-04 09:31:48.750000,10.67,17210,183630.0,83
transaction,600000.SH,2016-05-04 09:31:49.430000,18.12,439,7954.0,66
transaction,600000.SH,2016-05-04 09:31:49.430000,18.13,2861,51869.0,66
transaction,600000.SH,2016-05-04 09:31:49.890000,18.13,139,2520.0,66
transaction,600000.SH,2016-05-04 09:31:49.890000,18.14,761,13804.0,66
transaction,600000.SH,2016-05-04 09:31:49.900000,18.14,239,4335.0,66
transaction,600000.SH,2016-05-04 09:31:49.900000,18.14,3061,55526.0,66
transaction,000001.SZ,2016-05-04 09:31:51.280000,10.68,300,3204.0,66
transaction,000001.SZ,2016-05-04 09:31:51.280000,10.68,100,1068.0,66
transaction,000001.SZ,2016-05-04 09:31:53.090000,10.68,600,6408.0,83
transaction,000001.SZ,2016-05-04 09:31:53.090000,10.68,300,3204.0,83
transaction,000001.SZ,2016-05-04 09:31:53.480000,10.69,1900,20311.0,66
transaction,000001.SZ,2016-05-04 09:31:54.230000,10.69,6000,64140.0,66
transaction,000001.SZ,2016-05-04 09:31:54.250000,0.0,2100,0.0,32
transaction,000001.SZ,2016-05-04 09:31:54.460000,10.69,1900,20311.0,66
transaction,000001.SZ,2016-05-04 09:31:54.890000,10.68,500,5340.0,83
transaction,000001.SZ,2016-05-04 09:31:55.180000,10.69,7200,76968.0,66
transaction,600000.SH,2016-05-04 09:31:55.510000,18.12,1000,18120.0,83
transaction,600000.SH,2016-05-04 09:31:55.510000,18.11,1000,18110.0,83
transaction,600000.SH,2016-05-04 09:31:55.510000,18.11,4000,72440.0,83
transaction,600000.SH,2016-05-04 09:31:55.510000,18.11,1700,30787.0,83
transaction,600000.SH,2016-05-04 09:31:55.510000,18.1,2300,41630.0,83
transaction,000001.SZ,2016-05-04 09:31:55.700000,10.68,100,1068.0,83
transaction,000001.SZ,2016-05-04 09:31:55.720000,10.68,200,2136.0,83
transaction,600000.SH,2016-05-04 09:31:55.970000,18.14,1800,32652.0,66
transaction,000001.SZ,2016-05-04 09:31:56.040000,0.0,5000,0.0,32
transaction,000001.SZ,2016-05-04 09:31:56.140000,10.69,6700,71623.0,66
transaction,000001.SZ,2016-05-04 09:31:57.150000,10.68,10600,113208.0,83
transaction,000001.SZ,2016-05-04 09:31:57.150000,10.68,100,1068.0,83
transaction,000001.SZ,2016-05-04 09:31:57.150000,10.68,2100,22428.0,66
transaction,000001.SZ,2016-05-04 09:31:57.320000,10.68,5000,53400.0,66
transaction,000001.SZ,2016-05-04 09:31:58.580000,10.68,1700,18156.0,66
transaction,000001.SZ,2016-05-04 09:31:59.490000,10.68,1000,10680.0,66
transaction,000001.SZ,2016-05-04 09:31:59.710000,10.67,500,5335.0,83
transaction,000001.SZ,2016-05-04 09:31:59.800000,10.68,700,7476.0,66
transaction,000001.SZ,2016-05-04 09:32:00.180000,10.68,1600,17088.0,66
transaction,000001.SZ,2016-05-04 09:32:00.890000,10.68,8000,85440.0,83
transaction,000001.SZ,2016-05-04 09:32:01.760000,10.69,200,2138.0,66
transaction,600000.SH,2016-05-04 09:32:01.090000,18.14,939,17033.0,66
transaction,600000.SH,2016-05-04 09:32:01.090000,18.14,200,3628.0,66
transaction,600000.SH,2016-05-04 09:32:01.090000,18.14,200,3628.0,66
transaction,600000.SH,2016-05-04 09:32:01.090000,18.14,1961,35572.0,66
transaction,000001.SZ,2016-05-04 09:32:02.760000,0.0,1000,0.0,32
transaction,000001.SZ,2016-05-04 09:32:04.930000,10.69,10500,112245.0,66
transaction,600000.SH,2016-05-04 09:32:02.480000,18.14,8039,145827.0,66
transaction,600000.SH,2016-05-04 09:32:02.480000,18.15,600,10890.0,66
transaction,600000.SH,2016-05-04 09:32:02.480000,18.15,300,5445.0,66
transaction,600000.SH,2016-05-04 09:32:02.480000,18.15,1061,19257.0,66
transaction,600000.SH,2016-05-04 09:32:02.930000,18.15,1000,18150.0,66
transaction,000001.SZ,2016-05-04 09:32:07.190000,10.69,1900,20311.0,66
transaction,000001.SZ,2016-05-04 09:32:07.220000,10.68,300,3204.0,83
transaction,600000.SH,2016-05-04 09:32:06.430000,18.15,500,9075.0,66
transaction,600000.SH,2016-05-04 09:32:06.480000,18.15,3439,62417.0,66
transaction,600000.SH,2016-05-04 09:32:06.480000,18.15,5000,90750.0,66
transaction,600000.SH,2016-05-04 09:32:06.480000,18.15,1000,18150.0,66
transaction,600000.SH,2016-05-04 09:32:06.480000,18.15,3861,70077.0,66
transaction,600000.SH,2016-05-04 09:32:07.530000,18.12,500,9060.0,83
transaction,600000.SH,2016-05-04 09:32:07.530000,18.12,100,1812.0,83
transaction,000001.SZ,2016-05-04 09:32:09.480000,10.69,2600,27794.0,66
transaction,000001.SZ,2016-05-04 09:32:09.610000,10.68,1000,10680.0,83
transaction,000001.SZ,2016-05-04 09:32:10.140000,10.68,4900,52332.0,83
transaction,000001.SZ,2016-05-04 09:32:10.200000,10.69,500,5345.0,66
transaction,600000.SH,2016-05-04 09:32:08.400000,18.15,200,3629.0,66
transaction,600000.SH,2016-05-04 09:32:10.360000,18.14,1000,18140.0,83
transaction,600000.SH,2016-05-04 09:32:10.360000,18.14,400,7256.0,83
transaction,000001.SZ,2016-05-04 09:32:11.010000,10.68,4200,44856.0,83
transaction,000001.SZ,2016-05-04 09:32:11.010000,10.68,1500,16020.0,83
transaction,000001.SZ,2016-05-04 09:32:11.010000,10.68,100,1068.0,83
transaction,000001.SZ,2016-05-04 09:32:11.020000,10.68,3000,32040.0,83
transaction,000001.SZ,2016-05-04 09:32:11.020000,10.68,900,9612.0,83
transaction,000001.SZ,2016-05-04 09:32:11.020000,10.68,300,3204.0,83
transaction,000001.SZ,2016-05-04 09:32:12.700000,10.69,10000,106900.0,66
transaction,000001.SZ,2016-05-04 09:32:12.700000,10.69,1000,10690.0,66
transaction,000001.SZ,2016-05-04 09:32:14.720000,10.69,1500,16035.0,66
transaction,000001.SZ,2016-05-04 09:32:15.210000,10.69,100,1069.0,66
transaction,000001.SZ,2016-05-04 09:32:16.920000,10.69,2500,26725.0,66
transaction,600000.SH,2016-05-04 09:32:15.010000,18.15,2000,36300.0,66
transaction,600000.SH,2016-05-04 09:32:16.230000,18.14,1000,18140.0,83
transaction,000001.SZ,2016-05-04 09:32:18.000000,0.0,400,0.0,32
transaction,000001.SZ,2016-05-04 09:32:18.110000,10.69,900,9621.0,66
transaction,000001.SZ,2016-05-04 09:32:19.250000,10.69,1000,10690.0,66
transaction,000001.SZ,2016-05-04 09:32:19.370000,0.0,700,0.0,32
transaction,000001.SZ,2016-05-04 09:32:19.830000,0.0,1500,0.0,32
transaction,000001.SZ,2016-05-04 09:32:20.480000,10.69,500,5345.0,66
transaction,000001.SZ,2016-05-04 09:32:22.470000,0.0,700,0.0,32
transaction,600000.SH,2016-05-04 09:32:20.720000,18.15,4000,72600.0,66
transaction,600000.SH,2016-05-04 09:32:22.240000,18.15,2339,42452.0,66
transaction,600000.SH,2016-05-04 09:32:22.240000,18.15,500,9075.0,66
transaction,600000.SH,2016-05-04 09:32:22.240000,18.15,158,2867.0,66
transaction,000001.SZ,2016-05-04 09:32:23.190000,0.0,1700,0.0,32
transaction,000001.SZ,2016-05-04 09:32:23.670000,10.69,700,7483.0,66
transaction,000001.SZ,2016-05-04 09:32:24.040000,0.0,2000,0.0,32
transaction,600000.SH,2016-05-04 09:32:23.260000,18.15,300,5445.0,83
transaction,600000.SH,2016-05-04 09:32:23.590000,18.15,100,1814.0,83
transaction,600000.SH,2016-05-04 09:32:25.950000,18.15,4003,72654.0,83
transaction,600000.SH,2016-05-04 09:32:26.130000,18.15,1000,18150.0,66
transaction,000001.SZ,2016-05-04 09:32:26.820000,10.69,1000,10690.0,66
transaction,000001.SZ,2016-05-04 09:32:27.160000,10.69,20000,213800.0,66
transaction,000001.SZ,2016-05-04 09:32:27.360000,0.0,500,0.0,32
transaction,000001.SZ,2016-05-04 09:32:27.470000,0.0,4600,0.0,32
transaction,000001.SZ,2016-05-04 09:32:27.550000,0.0,500,0.0,32
transaction,000001.SZ,2016-05-04 09:32:27.860000,10.69,400,4276.0,66
transaction,000001.SZ,2016-05-04 09:32:28.120000,10.68,100,1068.0,83
transaction,000001.SZ,2016-05-04 09:32:28.120000,10.68,1600,17088.0,83
transaction,000001.SZ,2016-05-04 09:32:28.120000,10.68,2000,21360.0,83
transaction,000001.SZ,2016-05-04 09:32:28.120000,10.68,500,5340.0,83
transaction,000001.SZ,2016-05-04 09:32:28.120000,10.68,500,5340.0,83
transaction,000001.SZ,2016-05-04 09:32:28.120000,10.68,500,5340.0,83
transaction,000001.SZ,2016-05-04 09:32:28.120000,10.68,100,1068.0,83
transaction,000001.SZ,2016-05-04 09:32:28.120000,10.68,100,1068.0,83
transaction,000001.SZ,2016-05-04 09:32:28.120000,10.68,600,6408.0,83
transaction,000001.SZ,2016-05-04 09:32:28.120000,10.68,10100,107868.0,83
transaction,000001.SZ,2016-05-04 09:32:28.600000,0.0,1000,0.0,32
transaction,600000.SH,2016-05-04 09:32:26.950000,18.15,200,3629.0,66
transaction,600000.SH,2016-05-04 09:32:28.220000,18.14,300,5442.0,83
transaction,600000.SH,2016-05-04 09:32:29.150000,18.14,1000,18140.0,83
transaction,000001.SZ,2016-05-04 09:32:29.250000,10.68,500,5340.0,83
transaction,000001.SZ,2016-05-04 09:32:29.820000,10.68,500,5340.0,83
transaction,000001.SZ,2016-05-04 09:32:30.170000,10.69,6600,70554.0,66
transaction,000001.SZ,2016-05-04 09:32:30.650000,10.68,800,8544.0,83
transaction,000001.SZ,2016-05-04 09:32:30.900000,10.69,500,5345.0,66
transaction,000001.SZ,2016-05-04 09:32:31.010000,10.69,200,2138.0,66
transaction,000001.SZ,2016-05-04 09:32:31.060000,10.69,300,3207.0,66
transaction,000001.SZ,2016-05-04 09:32:31.160000,10.69,1843,19701.0,66
transaction,000001.SZ,2016-05-04 09:32:31.160000,10.69,3157,33748.0,66
transaction,000001.SZ,2016-05-04 09:32:31.240000,10.69,200,2138.0,66
transaction,000001.SZ,2016-05-04 09:32:31.500000,10.69,200,2138.0,66
transaction,000001.SZ,2016-05-04 09:32:31.620000,0.0,1500,0.0,32
transaction,600000.SH,2016-05-04 09:32:30.140000,18.14,5900,107026.0,83
transaction,600000.SH,2016-05-04 09:32:30.140000,18.14,500,9070.0,83
transaction,600000.SH,2016-05-04 09:32:30.140000,18.14,500,9070.0,83
transaction,600000.SH,2016-05-04 09:32:30.140000,18.14,4000,72560.0,83
transaction,600000.SH,2016-05-04 09:32:30.140000,18.14,2600,47164.0,83
transaction,600000.SH,2016-05-04 09:32:30.640000,18.14,300,5442.0,83
transaction,600000.SH,2016-05-04 09:32:30.850000,18.14,100,1814.0,83
transaction,600000.SH,2016-05-04 09:32:31.050000,18.14,1000,18140.0,83
transaction,600000.SH,2016-05-04 09:32:32.010000,18.14,2000,36280.0,66
transaction,000001.SZ,2016-05-04 09:32:32.310000,10.68,500,5340.0,83
transaction,000001.SZ,2016-05-04 09:32:32.910000,10.69,100,1069.0,66
transaction,000001.SZ,2016-05-04 09:32:33.150000,10.69,2000,21380.0,66
transaction,000001.SZ,2016-05-04 09:32:33.450000,0.0,1600,0.0,32
transaction,000001.SZ,2016-05-04 09:32:33.870000,10.69,400,4276.0,66
transaction,000001.SZ,2016-05-04 09:32:34.960000,10.69,400,4276.0,66
transaction,600000.SH,2016-05-04 09:32:32.290000,18.14,3300,59862.0,66
transaction,600000.SH,2016-05-04 09:32:33.010000,18.13,1700,30821.0,83
transaction,600000.SH,2016-05-04 09:32:33.060000,18.14,2000,36280.0,66
transaction,600000.SH,2016-05-04 09:32:33.510000,18.13,300,5439.0,83
transaction,600000.SH,2016-05-04 09:32:33.740000,18.13,600,10878.0,66
transaction,600000.SH,2016-05-04 09:32:33.780000,18.13,800,14504.0,66
transaction,600000.SH,2016-05-04 09:32:33.780000,18.14,4100,74374.0,66
transaction,600000.SH,2016-05-04 09:32:33.780000,18.15,100,1814.0,66
transaction,600000.SH,2016-05-04 09:32:35.130000,18.13,900,16317.0,66
transaction,000001.SZ,2016-05-04 09:32:35.370000,10.69,1900,20311.0,66
transaction,000001.SZ,2016-05-04 09:32:37.170000,10.69,5000,53450.0,66
transaction,000001.SZ,2016-05-04 09:32:37.890000,0.0,100,0.0,32
transaction,600000.SH,2016-05-04 09:32:36.100000,18.13,300,5439.0,66
transaction,600000.SH,2016-05-04 09:32:37.100000,18.13,500,9065.0,66
transaction,600000.SH,2016-05-04 09:32:37.100000,18.14,500,9070.0,66
transaction,600000.SH,2016-05-04 09:32:37.780000,18.14,1000,18140.0,66
transaction,000001.SZ,2016-05-04 09:32:38.150000,10.69,1543,16494.0,66
transaction,000001.SZ,2016-05-04 09:32:38.150000,10.69,400,4276.0,66
transaction,000001.SZ,2016-05-04 09:32:38.150000,10.69,800,8552.0,66
transaction,000001.SZ,2016-05-04 09:32:38.150000,10.69,5000,53450.0,66
transaction,000001.SZ,2016-05-04 09:32:38.150000,10.69,3000,32070.0,66
transaction,000001.SZ,2016-05-04 09:32:38.150000,10.69,2600,27794.0,66
transaction,000001.SZ,2016-05-04 09:32:38.150000,10.69,500,5345.0,66
transaction,000001.SZ,2016-05-04 09:32:38.150000,10.69,2000,21380.0,66
transaction,000001.SZ,2016-05-04 09:32:38.150000,10.69,800,8552.0,66
transaction,000001.SZ,2016-05-04 09:32:38.150000,10.69,100,1069.0,66
transaction,000001.SZ,2016-05-04 09:32:38.150000,10.69,1000,10690.0,66
transaction,000001.SZ,2016-05-04 09:32:38.150000,10.69,500,5345.0,66
transaction,000001.SZ,2016-05-04 09:32:38.150000,10.69,1600,17104.0,66
transaction,000001.SZ,2016-05-04 09:32:38.150000,10.69,1400,14966.0,66
transaction,000001.SZ,2016-05-04 09:32:38.150000,10.69,5257,56197.0,66
transaction,000001.SZ,2016-05-04 09:32:39.170000,10.69,300,3207.0,66
transaction,000001.SZ,2016-05-04 09:32:39.820000,10.69,602,6435.0,66
transaction,000001.SZ,2016-05-04 09:32:39.820000,10.69,100,1069.0,66
transaction,000001.SZ,2016-05-04 09:32:39.820000,10.69,100,1069.0,66
transaction,000001.SZ,2016-05-04 09:32:39.820000,10.69,100,1069.0,66
transaction,000001.SZ,2016-05-04 09:32:39.820000,10.69,98,1047.0,66
transaction,000001.SZ,2016-05-04 09:32:40.000000,10.69,1302,13918.0,66
transaction,000001.SZ,2016-05-04 09:32:40.000000,10.69,100,1069.0,66
transaction,600000.SH,2016-05-04 09:32:38.270000,18.14,600,10884.0,66
transaction,600000.SH,2016-05-04 09:32:38.740000,18.14,2800,50792.0,66
transaction,600000.SH,2016-05-04 09:32:39.310000,18.14,100,1814.0,66
transaction,600000.SH,2016-05-04 09:32:39.310000,18.15,1900,34485.0,66
transaction,000001.SZ,2016-05-04 09:32:40.000000,10.69,1000,10690.0,66
transaction,000001.SZ,2016-05-04 09:32:40.000000,10.69,1200,12828.0,66
transaction,000001.SZ,2016-05-04 09:32:40.000000,10.7,12600,134820.0,66
transaction,000001.SZ,2016-05-04 09:32:40.000000,10.7,300,3210.0,66
transaction,000001.SZ,2016-05-04 09:32:40.000000,10.7,2000,21400.0,66
transaction,000001.SZ,2016-05-04 09:32:40.000000,10.7,2100,22470.0,66
transaction,000001.SZ,2016-05-04 09:32:40.000000,10.7,1600,17120.0,66
transaction,000001.SZ,2016-05-04 09:32:40.000000,10.7,300,3210.0,66
transaction,000001.SZ,2016-05-04 09:32:40.000000,10.7,1100,11770.0,66
transaction,000001.SZ,2016-05-04 09:32:40.000000,10.7,1000,10700.0,66
transaction,000001.SZ,2016-05-04 09:32:40.000000,10.7,1898,20308.0,66
transaction,600000.SH,2016-05-04 09:32:40.220000,18.13,900,16317.0,83
transaction,000001.SZ,2016-05-04 09:32:40.380000,10.69,100,1069.0,83
transaction,600000.SH,2016-05-04 09:32:40.480000,18.13,200,3626.0,83
transaction,600000.SH,2016-05-04 09:32:40.480000,18.13,100,1813.0,83
transaction,000001.SZ,2016-05-04 09:32:41.610000,10.7,1000,10700.0,66
transaction,000001.SZ,2016-05-04 09:32:42.690000,10.7,9000,96300.0,66
transaction,000001.SZ,2016-05-04 09:32:42.800000,10.69,400,4276.0,83
transaction,600000.SH,2016-05-04 09:32:41.190000,18.15,2000,36300.0,66
transaction,600000.SH,2016-05-04 09:32:42.550000,18.14,200,3628.0,83
transaction,000001.SZ,2016-05-04 09:32:44.100000,10.69,500,5345.0,83
transaction,000001.SZ,2016-05-04 09:32:45.910000,10.7,800,8560.0,66
transaction,000001.SZ,2016-05-04 09:32:46.120000,10.69,2000,21380.0,83
transaction,000001.SZ,2016-05-04 09:32:46.120000,10.69,2000,21380.0,83
transaction,000001.SZ,2016-05-04 09:32:46.120000,10.69,4400,47036.0,83
transaction,600000.SH,2016-05-04 09:32:45.200000,18.14,500,9070.0,83
transaction,600000.SH,2016-05-04 09:32:45.420000,18.14,300,5442.0,83
transaction,600000.SH,2016-05-04 09:32:45.420000,18.13,1000,18130.0,83
transaction,600000.SH,2016-05-04 09:32:45.420000,18.12,6100,110532.0,83
transaction,600000.SH,2016-05-04 09:32:46.370000,18.14,4500,81630.0,66
transaction,600000.SH,2016-05-04 09:32:46.370000,18.15,400,7259.0,66
transaction,000001.SZ,2016-05-04 09:32:47.980000,10.69,600,6414.0,83
transaction,000001.SZ,2016-05-04 09:32:47.980000,10.69,1000,10690.0,83
transaction,000001.SZ,2016-05-04 09:32:48.090000,10.69,1000,10690.0,83
transaction,000001.SZ,2016-05-04 09:32:49.800000,10.69,1000,10690.0,83
transaction,000001.SZ,2016-05-04 09:32:49.800000,10.69,1500,16035.0,83
transaction,000001.SZ,2016-05-04 09:32:49.800000,10.69,1000,10690.0,83
transaction,000001.SZ,2016-05-04 09:32:49.800000,10.69,2000,21380.0,83
transaction,000001.SZ,2016-05-04 09:32:49.800000,10.69,800,8552.0,83
transaction,000001.SZ,2016-05-04 09:32:49.800000,10.69,2000,21380.0,83
transaction,000001.SZ,2016-05-04 09:32:49.800000,10.69,18200,194558.0,83
transaction,600000.SH,2016-05-04 09:32:47.690000,18.15,900,16334.0,66
transaction,600000.SH,2016-05-04 09:32:49.950000,18.14,500,9070.0,83
transaction,600000.SH,2016-05-04 09:32:49.950000,18.14,1400,25396.0,83
transaction,000001.SZ,2016-05-04 09:32:50.210000,10.69,5000,53450.0,83
transaction,600000.SH,2016-05-04 09:32:50.420000,18.14,600,10884.0,66
transaction,600000.SH,2016-05-04 09:32:50.930000,18.14,1800,32652.0,66
transaction,600000.SH,2016-05-04 09:32:50.930000,18.14,3400,61676.0,66
transaction,600000.SH,2016-05-04 09:32:51.080000,18.14,600,10884.0,66
transaction,600000.SH,2016-05-04 09:32:51.800000,18.14,300,5442.0,66
transaction,600000.SH,2016-05-04 09:32:51.850000,18.14,1000,18140.0,66
transaction,600000.SH,2016-05-04 09:32:52.020000,18.13,1500,27195.0,83
transaction,600000.SH,2016-05-04 09:32:52.510000,18.14,1000,18140.0,66
transaction,600000.SH,2016-05-04 09:32:52.740000,18.14,200,3628.0,66
transaction,000001.SZ,2016-05-04 09:32:53.860000,10.7,100,1070.0,66
transaction,000001.SZ,2016-05-04 09:32:54.680000,0.0,3000,0.0,32
transaction,000001.SZ,2016-05-04 09:32:55.820000,0.0,1500,0.0,32
transaction,000001.SZ,2016-05-04 09:32:55.890000,10.69,100,1069.0,83
transaction,600000.SH,2016-05-04 09:32:53.330000,18.13,500,9065.0,83
transaction,600000.SH,2016-05-04 09:32:54.560000,18.14,2000,36280.0,66
transaction,600000.SH,2016-05-04 09:32:55.060000,18.13,100,1813.0,83
transaction,600000.SH,2016-05-04 09:32:55.450000,18.13,2000,36260.0,83
transaction,600000.SH,2016-05-04 09:32:55.450000,18.13,1900,34447.0,83
transaction,000001.SZ,2016-05-04 09:32:56.620000,10.69,600,6414.0,83
transaction,000001.SZ,2016-05-04 09:32:57.950000,10.7,4300,46010.0,66
transaction,000001.SZ,2016-05-04 09:32:58.300000,10.69,3900,41691.0,83
transaction,000001.SZ,2016-05-04 09:32:58.400000,0.0,1000,0.0,32
transaction,000001.SZ,2016-05-04 09:32:58.510000,0.0,1000,0.0,32
transaction,000001.SZ,2016-05-04 09:32:58.620000,0.0,1000,0.0,32
transaction,600000.SH,2016-05-04 09:32:56.410000,18.14,100,1814.0,66
transaction,000001.SZ,2016-05-04 09:32:59.690000,10.69,500,5345.0,83
transaction,000001.SZ,2016-05-04 09:33:00.410000,10.69,10000,106900.0,83
transaction,600000.SH,2016-05-04 09:32:59.980000,18.14,100,1814.0,66
transaction,600000.SH,2016-05-04 09:33:00.730000,18.14,700,12698.0,66
transaction,600000.SH,2016-05-04 09:33:01.000000,18.13,500,9065.0,83
transaction,000001.SZ,2016-05-04 09:33:02.840000,10.7,2000,21400.0,66
transaction,000001.SZ,2016-05-04 09:33:02.940000,0.0,1000,0.0,32
transaction,000001.SZ,2016-05-04 09:33:03.390000,0.0,6200,0.0,32
transaction,000001.SZ,2016-05-04 09:33:04.440000,10.7,800,8560.0,66
transaction,600000.SH,2016-05-04 09:33:02.810000,18.14,900,16326.0,66
transaction,000001.SZ,2016-05-04 09:33:05.690000,10.69,100,1069.0,83
transaction,000001.SZ,2016-05-04 09:33:06.180000,10.7,1000,10700.0,66
transaction,000001.SZ,2016-05-04 09:33:06.660000,10.69,1600,17104.0,83
transaction,000001.SZ,2016-05-04 09:33:06.660000,10.69,700,7483.0,83
transaction,000001.SZ,2016-05-04 09:33:06.720000,10.7,2000,21400.0,66
transaction,600000.SH,2016-05-04 09:33:05.160000,18.13,4000,72520.0,83
transaction,600000.SH,2016-05-04 09:33:05.160000,18.13,2700,48951.0,83
transaction,600000.SH,2016-05-04 09:33:05.160000,18.13,700,12691.0,83
transaction,600000.SH,2016-05-04 09:33:05.160000,18.13,13200,239316.0,83
transaction,600000.SH,2016-05-04 09:33:05.710000,18.13,3000,54390.0,83
transaction,600000.SH,2016-05-04 09:33:05.710000,18.13,1200,21756.0,83
transaction,600000.SH,2016-05-04 09:33:06.220000,18.13,1200,21756.0,66
transaction,600000.SH,2016-05-04 09:33:06.550000,18.13,4000,72520.0,66
transaction,600000.SH,2016-05-04 09:33:07.080000,18.12,3800,68856.0,83
transaction,600000.SH,2016-05-04 09:33:07.890000,18.13,200,3626.0,66
transaction,000001.SZ,2016-05-04 09:33:08.250000,10.69,100,1069.0,83
transaction,000001.SZ,2016-05-04 09:33:08.890000,10.69,400,4276.0,83
transaction,000001.SZ,2016-05-04 09:33:08.890000,10.69,1000,10690.0,83
transaction,000001.SZ,2016-05-04 09:33:08.890000,10.69,800,8552.0,83
transaction,000001.SZ,2016-05-04 09:33:09.170000,10.69,2800,29932.0,83
transaction,600000.SH,2016-05-04 09:33:09.210000,18.12,100,1812.0,83
transaction,600000.SH,2016-05-04 09:33:09.210000,18.12,3600,65232.0,83
transaction,600000.SH,2016-05-04 09:33:09.660000,18.13,300,5439.0,66
transaction,600000.SH,2016-05-04 09:33:10.410000,18.12,1000,18120.0,83
transaction,600000.SH,2016-05-04 09:33:10.440000,18.12,300,5436.0,83
transaction,000001.SZ,2016-05-04 09:33:10.920000,10.69,1000,10690.0,83
transaction,000001.SZ,2016-05-04 09:33:11.600000,0.0,2000,0.0,32
transaction,000001.SZ,2016-05-04 09:33:11.760000,10.69,400,4276.0,83
transaction,000001.SZ,2016-05-04 09:33:11.760000,10.69,600,6414.0,83
transaction,000001.SZ,2016-05-04 09:33:11.970000,0.0,100,0.0,32
transaction,000001.SZ,2016-05-04 09:33:13.310000,10.7,1000,10700.0,66
transaction,000001.SZ,2016-05-04 09:33:13.350000,0.0,1500,0.0,32
transaction,000001.SZ,2016-05-04 09:33:13.910000,10.69,500,5345.0,83
transaction,000001.SZ,2016-05-04 09:33:13.950000,0.0,37100,0.0,32
transaction,600000.SH,2016-05-04 09:33:13.440000,18.13,1000,18130.0,66
transaction,000001.SZ,2016-05-04 09:33:14.040000,0.0,400,0.0,32
transaction,000001.SZ,2016-05-04 09:33:14.760000,0.0,1000,0.0,32
transaction,000001.SZ,2016-05-04 09:33:15.410000,10.69,500,5345.0,83
transaction,000001.SZ,2016-05-04 09:33:15.600000,10.7,1100,11770.0,66
transaction,000001.SZ,2016-05-04 09:33:15.970000,0.0,10000,0.0,32
transaction,000001.SZ,2016-05-04 09:33:16.400000,10.69,19500,208455.0,83
transaction,000001.SZ,2016-05-04 09:33:16.400000,10.69,1000,10690.0,83
transaction,000001.SZ,2016-05-04 09:33:16.400000,10.69,1900,20311.0,83
transaction,000001.SZ,2016-05-04 09:33:16.400000,10.69,500,5345.0,83
transaction,000001.SZ,2016-05-04 09:33:16.400000,10.69,29100,311079.0,83
transaction,000001.SZ,2016-05-04 09:33:16.400000,10.69,1000,10690.0,83
transaction,000001.SZ,2016-05-04 09:33:16.400000,10.69,1000,10690.0,83
transaction,000001.SZ,2016-05-04 09:33:16.400000,10.69,900,9621.0,83
transaction,000001.SZ,2016-05-04 09:33:16.840000,10.7,200,2140.0,66
transaction,000001.SZ,2016-05-04 09:33:16.980000,0.0,25000,0.0,32
transaction,600000.SH,2016-05-04 09:33:14.380000,18.13,1000,18130.0,66
transaction,600000.SH,2016-05-04 09:33:14.380000,18.13,500,9065.0,66
transaction,600000.SH,2016-05-04 09:33:14.380000,18.14,5000,90700.0,66
transaction,600000.SH,2016-05-04 09:33:14.380000,18.14,100,1814.0,66
transaction,600000.SH,2016-05-04 09:33:14.380000,18.14,300,5442.0,66
transaction,600000.SH,2016-05-04 09:33:14.380000,18.14,49000,888860.0,66
transaction,600000.SH,2016-05-04 09:33:14.380000,18.14,1200,21768.0,66
transaction,600000.SH,2016-05-04 09:33:14.380000,18.14,4500,81630.0,66
transaction,600000.SH,2016-05-04 09:33:14.380000,18.14,1000,18140.0,66
transaction,600000.SH,2016-05-04 09:33:14.380000,18.14,1000,18140.0,66
transaction,600000.SH,2016-05-04 09:33:14.380000,18.14,4500,81630.0,66
transaction,600000.SH,2016-05-04 09:33:14.380000,18.15,17497,317570.0,66
transaction,600000.SH,2016-05-04 09:33:14.380000,18.15,100,1814.0,66
transaction,600000.SH,2016-05-04 09:33:14.380000,18.15,600,10890.0,66
transaction,600000.SH,2016-05-04 09:33:14.380000,18.15,1400,25409.0,66
transaction,600000.SH,2016-05-04 09:33:14.380000,18.15,600,10890.0,66
transaction,600000.SH,2016-05-04 09:33:14.380000,18.15,800,14519.0,66
transaction,600000.SH,2016-05-04 09:33:14.380000,18.15,2000,36300.0,66
transaction,600000.SH,2016-05-04 09:33:14.380000,18.15,3000,54449.0,66
transaction,600000.SH,2016-05-04 09:33:14.380000,18.15,2000,36300.0,66
transaction,600000.SH,2016-05-04 09:33:15.590000,18.15,400,7259.0,83
transaction,600000.SH,2016-05-04 09:33:16.420000,18.15,3503,63579.0,83
transaction,000001.SZ,2016-05-04 09:33:17.410000,10.69,100,1069.0,83
transaction,000001.SZ,2016-05-04 09:33:17.410000,10.69,500,5345.0,83
transaction,000001.SZ,2016-05-04 09:33:17.410000,10.69,5000,53450.0,83
transaction,000001.SZ,2016-05-04 09:33:17.410000,10.69,1000,10690.0,83
transaction,000001.SZ,2016-05-04 09:33:17.410000,10.69,1000,10690.0,83
transaction,000001.SZ,2016-05-04 09:33:17.410000,10.69,100,1069.0,83
transaction,000001.SZ,2016-05-04 09:33:17.410000,10.69,2000,21380.0,83
transaction,000001.SZ,2016-05-04 09:33:17.410000,10.69,3000,32070.0,83
transaction,000001.SZ,2016-05-04 09:33:17.880000,0.0,2000,0.0,32
transaction,000001.SZ,2016-05-04 09:33:19.050000,0.0,1400,0.0,32
transaction,000001.SZ,2016-05-04 09:33:19.970000,0.0,200,0.0,32
transaction,600000.SH,2016-05-04 09:33:17.660000,18.13,500,9065.0,66
transaction,600000.SH,2016-05-04 09:33:18.660000,18.12,2000,36240.0,83
transaction,600000.SH,2016-05-04 09:33:18.790000,18.12,100,1812.0,83
transaction,600000.SH,2016-05-04 09:33:19.300000,18.12,1000,18120.0,83
transaction,000001.SZ,2016-05-04 09:33:20.510000,10.69,10000,106900.0,66
transaction,000001.SZ,2016-05-04 09:33:20.590000,0.0,35500,0.0,32
transaction,000001.SZ,2016-05-04 09:33:21.110000,10.69,300,3207.0,66
transaction,000001.SZ,2016-05-04 09:33:21.150000,10.69,31900,341011.0,66
transaction,000001.SZ,2016-05-04 09:33:21.150000,10.69,400,4276.0,66
transaction,000001.SZ,2016-05-04 09:33:21.150000,10.69,3200,34208.0,66
transaction,000001.SZ,2016-05-04 09:33:21.300000,10.69,1000,10690.0,66
transaction,000001.SZ,2016-05-04 09:33:22.220000,10.69,6100,65209.0,66
transaction,000001.SZ,2016-05-04 09:33:22.220000,0.0,9200,0.0,32
transaction,000001.SZ,2016-05-04 09:33:22.300000,10.69,100,1069.0,66
transaction,000001.SZ,2016-05-04 09:33:22.340000,10.69,400,4276.0,66
transaction,000001.SZ,2016-05-04 09:33:22.340000,10.69,5000,53450.0,66
transaction,000001.SZ,2016-05-04 09:33:22.340000,10.7,4602,49241.0,66
transaction,000001.SZ,2016-05-04 09:33:22.340000,10.7,98,1048.0,66
transaction,000001.SZ,2016-05-04 09:33:22.960000,10.69,200,2138.0,66
transaction,000001.SZ,2016-05-04 09:33:22.960000,10.7,300,3210.0,66
transaction,600000.SH,2016-05-04 09:33:20.860000,18.12,800,14496.0,83
transaction,600000.SH,2016-05-04 09:33:21.640000,18.13,597,10823.0,66
transaction,600000.SH,2016-05-04 09:33:22.580000,18.13,1800,32634.0,83
transaction,000001.SZ,2016-05-04 09:33:23.460000,0.0,10000,0.0,32
transaction,000001.SZ,2016-05-04 09:33:24.440000,10.7,1500,16049.0,66
transaction,000001.SZ,2016-05-04 09:33:24.750000,0.0,100,0.0,32
transaction,000001.SZ,2016-05-04 09:33:25.850000,0.0,38600,0.0,32
transaction,600000.SH,2016-05-04 09:33:23.930000,18.13,14000,253820.0,83
transaction,600000.SH,2016-05-04 09:33:25.440000,18.16,1000,18160.0,66
transaction,600000.SH,2016-05-04 09:33:25.440000,18.16,2800,50848.0,66
transaction,000001.SZ,2016-05-04 09:33:26.260000,10.69,400,4276.0,83
transaction,000001.SZ,2016-05-04 09:33:26.260000,10.68,37900,404772.0,83
transaction,000001.SZ,2016-05-04 09:33:26.900000,10.69,300,3207.0,66
transaction,000001.SZ,2016-05-04 09:33:27.030000,10.69,700,7483.0,66
transaction,000001.SZ,2016-05-04 09:33:27.030000,10.7,200,2140.0,66
transaction,000001.SZ,2016-05-04 09:33:27.310000,10.7,100,1070.0,66
transaction,000001.SZ,2016-05-04 09:33:28.040000,10.69,1000,10690.0,66
transaction,000001.SZ,2016-05-04 09:33:28.460000,10.69,200,2138.0,66
transaction,000001.SZ,2016-05-04 09:33:29.030000,10.69,900,9621.0,66
transaction,000001.SZ,2016-05-04 09:33:29.270000,0.0,3800,0.0,32
transaction,000001.SZ,2016-05-04 09:33:29.470000,0.0,3000,0.0,32
transaction,000001.SZ,2016-05-04 09:33:29.810000,10.68,500,5340.0,83
transaction,600000.SH,2016-05-04 09:33:30.320000,18.16,100,1816.0,66
transaction,600000.SH,2016-05-04 09:33:30.380000,18.16,2100,38136.0,66
transaction,600000.SH,2016-05-04 09:33:30.380000,18.16,1500,27240.0,66
transaction,600000.SH,2016-05-04 09:33:30.400000,18.16,2700,49032.0,83
transaction,600000.SH,2016-05-04 09:33:31.710000,18.16,200,3632.0,83
transaction,000001.SZ,2016-05-04 09:33:32.610000,0.0,1400,0.0,32
transaction,000001.SZ,2016-05-04 09:33:34.710000,10.69,900,9621.0,66
transaction,000001.SZ,2016-05-04 09:33:34.710000,10.69,1100,11759.0,66
transaction,000001.SZ,2016-05-04 09:33:34.950000,10.69,900,9621.0,66
transaction,600000.SH,2016-05-04 09:33:35.100000,18.17,100,1817.0,66
transaction,000001.SZ,2016-05-04 09:33:35.760000,0.0,600,0.0,32
transaction,000001.SZ,2016-05-04 09:33:35.840000,10.69,800,8552.0,66
transaction,000001.SZ,2016-05-04 09:33:36.840000,10.69,57200,611468.0,66
transaction,000001.SZ,2016-05-04 09:33:36.840000,10.69,100,1069.0,66
transaction,000001.SZ,2016-05-04 09:33:36.840000,10.69,100,1069.0,66
transaction,000001.SZ,2016-05-04 09:33:36.840000,10.69,1400,14966.0,66
transaction,000001.SZ,2016-05-04 09:33:36.840000,10.69,600,6414.0,83
transaction,000001.SZ,2016-05-04 09:33:37.040000,10.7,2000,21400.0,66
transaction,000001.SZ,2016-05-04 09:33:37.070000,10.69,400,4276.0,83
transaction,600000.SH,2016-05-04 09:33:35.530000,18.16,200,3632.0,83
transaction,600000.SH,2016-05-04 09:33:36.160000,18.16,5800,105328.0,83
transaction,600000.SH,2016-05-04 09:33:36.680000,18.16,5800,105328.0,83
transaction,600000.SH,2016-05-04 09:33:36.740000,18.17,900,16353.0,66
transaction,600000.SH,2016-05-04 09:33:36.740000,18.17,500,9085.0,66
transaction,600000.SH,2016-05-04 09:33:36.740000,18.17,300,5451.0,66
transaction,600000.SH,2016-05-04 09:33:36.740000,18.17,4500,81765.0,66
transaction,600000.SH,2016-05-04 09:33:36.740000,18.17,500,9085.0,66
transaction,600000.SH,2016-05-04 09:33:36.740000,18.17,1600,29072.0,66
transaction,600000.SH,2016-05-04 09:33:36.740000,18.17,10000,181700.0,66
transaction,600000.SH,2016-05-04 09:33:36.740000,18.17,3000,54510.0,66
transaction,000001.SZ,2016-05-04 09:33:38.840000,10.69,1000,10690.0,83
transaction,000001.SZ,2016-05-04 09:33:38.980000,10.69,1000,10690.0,83
transaction,600000.SH,2016-05-04 09:33:39.360000,18.17,800,14536.0,83
transaction,600000.SH,2016-05-04 09:33:40.240000,18.17,1000,18170.0,83
transaction,600000.SH,2016-05-04 09:33:40.290000,18.17,300,5451.0,83
transaction,000001.SZ,2016-05-04 09:33:42.440000,10.7,800,8560.0,66
transaction,000001.SZ,2016-05-04 09:33:42.680000,10.69,1000,10690.0,83
transaction,000001.SZ,2016-05-04 09:33:42.860000,10.69,5400,57726.0,83
transaction,000001.SZ,2016-05-04 09:33:42.860000,10.69,500,5345.0,83
transaction,000001.SZ,2016-05-04 09:33:42.860000,10.69,5000,53450.0,83
transaction,000001.SZ,2016-05-04 09:33:42.860000,10.69,2000,21380.0,83
transaction,000001.SZ,2016-05-04 09:33:42.860000,10.69,1000,10690.0,83
transaction,000001.SZ,2016-05-04 09:33:43.080000,10.69,1000,10690.0,66
transaction,000001.SZ,2016-05-04 09:33:43.470000,10.69,500,5345.0,66
transaction,600000.SH,2016-05-04 09:33:43.460000,18.17,2000,36340.0,83
transaction,000001.SZ,2016-05-04 09:33:44.080000,10.68,100,1068.0,83
transaction,600000.SH,2016-05-04 09:33:44.130000,18.18,1200,21816.0,66
transaction,000001.SZ,2016-05-04 09:33:44.230000,10.69,2000,21380.0,66
transaction,600000.SH,2016-05-04 09:33:44.510000,18.17,100,1817.0,83
transaction,600000.SH,2016-05-04 09:33:44.600000,18.17,9900,179883.0,83
transaction,600000.SH,2016-05-04 09:33:44.600000,18.17,1200,21804.0,83
transaction,600000.SH,2016-05-04 09:33:46.030000,18.18,1600,29088.0,66
transaction,600000.SH,2016-05-04 09:33:46.030000,18.18,200,3636.0,66
transaction,600000.SH,2016-05-04 09:33:46.030000,18.18,200,3636.0,66
transaction,000001.SZ,2016-05-04 09:33:47.430000,0.0,1000,0.0,32
transaction,000001.SZ,2016-05-04 09:33:47.640000,10.69,1000,10690.0,66
transaction,000001.SZ,2016-05-04 09:33:48.220000,10.69,10000,106900.0,66
transaction,000001.SZ,2016-05-04 09:33:48.530000,10.68,100,1068.0,83
transaction,000001.SZ,2016-05-04 09:33:49.740000,10.69,2400,25656.0,66
transaction,000001.SZ,2016-05-04 09:33:49.740000,10.69,700,7483.0,66
transaction,000001.SZ,2016-05-04 09:33:49.740000,10.69,500,5345.0,66
transaction,000001.SZ,2016-05-04 09:33:49.740000,10.69,22500,240525.0,66
transaction,000001.SZ,2016-05-04 09:33:49.740000,10.69,27000,288630.0,66
transaction,600000.SH,2016-05-04 09:33:47.210000,18.18,200,3636.0,66
transaction,600000.SH,2016-05-04 09:33:47.530000,18.18,200,3636.0,66
transaction,000001.SZ,2016-05-04 09:33:50.940000,10.69,10000,106900.0,83
transaction,000001.SZ,2016-05-04 09:33:51.180000,10.69,300,3207.0,83
transaction,000001.SZ,2016-05-04 09:33:51.470000,10.69,500,5345.0,83
transaction,600000.SH,2016-05-04 09:33:50.610000,18.17,100,1817.0,83
transaction,600000.SH,2016-05-04 09:33:51.030000,18.17,900,16353.0,83
transaction,600000.SH,2016-05-04 09:33:51.030000,18.17,100,1817.0,83
transaction,600000.SH,2016-05-04 09:33:51.730000,18.18,1200,21816.0,66
transaction,600000.SH,2016-05-04 09:33:51.730000,18.18,800,14544.0,66
transaction,600000.SH,2016-05-04 09:33:51.880000,18.17,500,9085.0,83
transaction,000001.SZ,2016-05-04 09:33:52.480000,10.69,10000,106900.0,83
transaction,000001.SZ,2016-05-04 09:33:53.480000,10.69,200,2138.0,83
transaction,000001.SZ,2016-05-04 09:33:54.150000,0.0,60000,0.0,32
transaction,000001.SZ,2016-05-04 09:33:55.400000,10.7,2,21.0,66
transaction,000001.SZ,2016-05-04 09:33:55.400000,10.7,1998,21378.0,66
transaction,000001.SZ,2016-05-04 09:33:55.470000,10.69,4200,44898.0,83
transaction,600000.SH,2016-05-04 09:33:53.370000,18.18,100,1818.0,66
transaction,600000.SH,2016-05-04 09:33:54.840000,18.18,100,1818.0,66
transaction,600000.SH,2016-05-04 09:33:54.840000,18.18,1000,18180.0,66
transaction,600000.SH,2016-05-04 09:33:54.840000,18.18,200,3636.0,66
transaction,600000.SH,2016-05-04 09:33:54.840000,18.18,100,1818.0,66
transaction,600000.SH,2016-05-04 09:33:54.840000,18.18,2000,36360.0,66
transaction,600000.SH,2016-05-04 09:33:54.840000,18.18,500,9090.0,66
transaction,600000.SH,2016-05-04 09:33:54.840000,18.18,1000,18180.0,66
transaction,600000.SH,2016-05-04 09:33:54.840000,18.18,500,9090.0,66
transaction,600000.SH,2016-05-04 09:33:54.840000,18.18,200,3636.0,66
transaction,600000.SH,2016-05-04 09:33:54.840000,18.18,200,3636.0,66
transaction,600000.SH,2016-05-04 09:33:54.840000,18.18,1500,27270.0,66
transaction,600000.SH,2016-05-04 09:33:54.840000,18.18,2000,36360.0,66
transaction,600000.SH,2016-05-04 09:33:54.840000,18.18,700,12726.0,66
transaction,600000.SH,2016-05-04 09:33:54.840000,18.18,10000,181800.0,66
transaction,600000.SH,2016-05-04 09:33:54.870000,18.18,500,9090.0,66
transaction,600000.SH,2016-05-04 09:33:55.480000,18.18,500,9090.0,83
transaction,600000.SH,2016-05-04 09:33:55.560000,18.17,200,3634.0,83
transaction,600000.SH,2016-05-04 09:33:56.090000,18.18,1500,27270.0,66
transaction,000001.SZ,2016-05-04 09:33:56.580000,10.69,1000,10690.0,83
transaction,000001.SZ,2016-05-04 09:33:57.960000,0.0,2200,0.0,32
transaction,000001.SZ,2016-05-04 09:33:58.530000,10.7,900,9630.0,66
transaction,000001.SZ,2016-05-04 09:33:58.710000,0.0,800,0.0,32
transaction,600000.SH,2016-05-04 09:33:56.730000,18.18,500,9090.0,83
transaction,600000.SH,2016-05-04 09:33:56.730000,18.17,3000,54510.0,83
transaction,000001.SZ,2016-05-04 09:33:59.650000,0.0,300,0.0,32
transaction,000001.SZ,2016-05-04 09:33:59.680000,0.0,1000,0.0,32
transaction,000001.SZ,2016-05-04 09:34:00.000000,10.69,500,5345.0,83
transaction,000001.SZ,2016-05-04 09:34:00.580000,0.0,10000,0.0,32
transaction,000001.SZ,2016-05-04 09:34:01.560000,0.0,900,0.0,32
transaction,600000.SH,2016-05-04 09:33:59.970000,18.18,200,3636.0,83
transaction,600000.SH,2016-05-04 09:34:00.010000,18.18,300,5454.0,83
transaction,600000.SH,2016-05-04 09:34:00.010000,18.18,500,9090.0,83
transaction,600000.SH,2016-05-04 09:34:00.010000,18.17,200,3634.0,83
transaction,600000.SH,2016-05-04 09:34:00.010000,18.17,1000,18170.0,83
transaction,600000.SH,2016-05-04 09:34:01.680000,18.18,500,9090.0,83
transaction,000001.SZ,2016-05-04 09:34:02.300000,10.7,100,1070.0,66
transaction,000001.SZ,2016-05-04 09:34:02.440000,10.69,500,5345.0,83
transaction,000001.SZ,2016-05-04 09:34:04.030000,10.69,2200,23518.0,83
transaction,600000.SH,2016-05-04 09:34:04.460000,18.19,500,9095.0,66
transaction,600000.SH,2016-05-04 09:34:04.460000,18.19,1000,18190.0,66
transaction,600000.SH,2016-05-04 09:34:04.460000,18.19,1400,25466.0,66
transaction,600000.SH,2016-05-04 09:34:04.460000,18.19,600,10914.0,66
transaction,600000.SH,2016-05-04 09:34:04.460000,18.19,1600,29104.0,66
transaction,600000.SH,2016-05-04 09:34:04.460000,18.19,3700,67303.0,66
transaction,000001.SZ,2016-05-04 09:34:05.880000,10.69,60000,641400.0,83
transaction,000001.SZ,2016-05-04 09:34:07.210000,0.0,600,0.0,32
transaction,000001.SZ,2016-05-04 09:34:09.040000,10.69,200,2138.0,83
transaction,000001.SZ,2016-05-04 09:34:09.250000,10.7,1002,10721.0,66
transaction,000001.SZ,2016-05-04 09:34:09.250000,10.7,500,5350.0,66
transaction,000001.SZ,2016-05-04 09:34:09.250000,10.7,1600,17120.0,66
transaction,000001.SZ,2016-05-04 09:34:09.250000,10.7,6898,73808.0,66
transaction,600000.SH,2016-05-04 09:34:08.540000,18.18,500,9090.0,83
transaction,600000.SH,2016-05-04 09:34:08.540000,18.18,500,9090.0,83
transaction,600000.SH,2016-05-04 09:34:09.050000,18.19,1300,23647.0,66
transaction,600000.SH,2016-05-04 09:34:09.050000,18.19,10000,181900.0,66
transaction,600000.SH,2016-05-04 09:34:09.050000,18.19,600,10914.0,66
transaction,600000.SH,2016-05-04 09:34:09.050000,18.19,1000,18190.0,66
transaction,600000.SH,2016-05-04 09:34:09.050000,18.19,1000,18190.0,66
transaction,600000.SH,2016-05-04 09:34:10.350000,18.19,1000,18190.0,83
transaction,600000.SH,2016-05-04 09:34:10.350000,18.19,400,7276.0,83
transaction,000001.SZ,2016-05-04 09:34:11.270000,0.0,2500,0.0,32
transaction,000001.SZ,2016-05-04 09:34:12.740000,10.69,500,5345.0,83
transaction,000001.SZ,2016-05-04 09:34:13.100000,10.7,1000,10700.0,66
transaction,000001.SZ,2016-05-04 09:34:13.900000,10.7,402,4301.0,66
transaction,000001.SZ,2016-05-04 09:34:13.900000,10.7,598,6398.0,66
transaction,600000.SH,2016-05-04 09:34:12.390000,18.19,200,3638.0,83
transaction,600000.SH,2016-05-04 09:34:12.480000,18.19,1000,18190.0,83
transaction,600000.SH,2016-05-04 09:34:13.860000,18.19,400,7276.0,83
transaction,000001.SZ,2016-05-04 09:34:15.810000,10.69,5000,53450.0,83
transaction,000001.SZ,2016-05-04 09:34:16.200000,10.7,1500,16049.0,66
transaction,000001.SZ,2016-05-04 09:34:16.430000,10.7,2702,28911.0,66
transaction,000001.SZ,2016-05-04 09:34:16.430000,10.7,2400,25680.0,66
transaction,000001.SZ,2016-05-04 09:34:16.430000,10.7,2500,26750.0,66
transaction,000001.SZ,2016-05-04 09:34:16.430000,10.7,2398,25658.0,66
transaction,000001.SZ,2016-05-04 09:34:16.700000,0.0,3100,0.0,32
transaction,000001.SZ,2016-05-04 09:34:17.190000,10.69,300,3207.0,83
transaction,000001.SZ,2016-05-04 09:34:18.200000,10.7,1000,10700.0,66
transaction,000001.SZ,2016-05-04 09:34:18.850000,10.7,500,5350.0,66
transaction,000001.SZ,2016-05-04 09:34:19.020000,0.0,1000,0.0,32
transaction,600000.SH,2016-05-04 09:34:17.550000,18.19,3100,56389.0,83
transaction,600000.SH,2016-05-04 09:34:17.550000,18.19,500,9095.0,83
transaction,600000.SH,2016-05-04 09:34:17.550000,18.19,1400,25466.0,83
transaction,600000.SH,2016-05-04 09:34:18.440000,18.2,200,3640.0,66
transaction,000001.SZ,2016-05-04 09:34:21.880000,10.7,3000,32099.0,66
transaction,000001.SZ,2016-05-04 09:34:21.980000,10.69,2000,21380.0,83
transaction,000001.SZ,2016-05-04 09:34:22.210000,0.0,500,0.0,32
transaction,600000.SH,2016-05-04 09:34:20.980000,18.2,300,5460.0,66
transaction,600000.SH,2016-05-04 09:34:22.320000,18.19,3300,60027.0,83
transaction,000001.SZ,2016-05-04 09:34:23.020000,10.69,1000,10690.0,83
transaction,000001.SZ,2016-05-04 09:34:23.640000,10.69,500,5345.0,83
transaction,000001.SZ,2016-05-04 09:34:25.720000,10.7,5000,53500.0,66
transaction,600000.SH,2016-05-04 09:34:23.310000,18.19,400,7276.0,83
transaction,600000.SH,2016-05-04 09:34:23.310000,18.2,1200,21840.0,66
transaction,600000.SH,2016-05-04 09:34:23.560000,18.19,5000,90950.0,83
transaction,600000.SH,2016-05-04 09:34:24.980000,18.2,200,3640.0,66
transaction,600000.SH,2016-05-04 09:34:25.030000,18.19,1000,18190.0,83
transaction,000001.SZ,2016-05-04 09:34:26.680000,10.7,300,3210.0,66
transaction,000001.SZ,2016-05-04 09:34:26.920000,0.0,8200,0.0,32
transaction,000001.SZ,2016-05-04 09:34:27.370000,10.69,5000,53450.0,83
transaction,000001.SZ,2016-05-04 09:34:27.960000,10.7,2000,21400.0,66
transaction,000001.SZ,2016-05-04 09:34:28.220000,0.0,4100,0.0,32
transaction,600000.SH,2016-05-04 09:34:28.830000,18.2,1100,20020.0,66
transaction,000001.SZ,2016-05-04 09:34:29.640000,10.69,500,5345.0,83
transaction,000001.SZ,2016-05-04 09:34:29.820000,10.7,1000,10700.0,66
transaction,000001.SZ,2016-05-04 09:34:29.980000,0.0,500,0.0,32
transaction,000001.SZ,2016-05-04 09:34:30.270000,10.69,1500,16035.0,83
transaction,600000.SH,2016-05-04 09:34:29.270000,18.19,10000,181900.0,83
transaction,600000.SH,2016-05-04 09:34:31.370000,18.2,100,1820.0,66
transaction,000001.SZ,2016-05-04 09:34:32.020000,10.7,20000,214000.0,66
transaction,000001.SZ,2016-05-04 09:34:32.520000,10.7,1200,12840.0,66
transaction,000001.SZ,2016-05-04 09:34:34.600000,10.69,10400,111176.0,83
transaction,000001.SZ,2016-05-04 09:34:34.640000,10.69,60000,641400.0,83
transaction,600000.SH,2016-05-04 09:34:32.370000,18.2,500,9100.0,66
transaction,600000.SH,2016-05-04 09:34:33.090000,18.2,1100,20020.0,66
transaction,600000.SH,2016-05-04 09:34:33.090000,18.2,100,1820.0,66
transaction,600000.SH,2016-05-04 09:34:33.090000,18.2,600,10920.0,66
transaction,600000.SH,2016-05-04 09:34:33.090000,18.2,500,9100.0,66
transaction,600000.SH,2016-05-04 09:34:33.090000,18.2,6000,109200.0,66
transaction,600000.SH,2016-05-04 09:34:33.090000,18.2,200,3640.0,66
transaction,600000.SH,2016-05-04 09:34:33.090000,18.2,100,1820.0,66
transaction,600000.SH,2016-05-04 09:34:33.090000,18.2,11000,200200.0,66
transaction,600000.SH,2016-05-04 09:34:33.090000,18.2,3000,54600.0,66
transaction,600000.SH,2016-05-04 09:34:33.090000,18.2,100,1820.0,66
transaction,600000.SH,2016-05-04 09:34:33.090000,18.2,3400,61880.0,66
transaction,600000.SH,2016-05-04 09:34:33.650000,18.19,4000,72760.0,83
transaction,600000.SH,2016-05-04 09:34:33.650000,18.19,1000,18190.0,83
transaction,600000.SH,2016-05-04 09:34:33.650000,18.19,100,1819.0,83
transaction,600000.SH,2016-05-04 09:34:33.650000,18.19,4200,76398.0,83
transaction,600000.SH,2016-05-04 09:34:34.020000,18.2,600,10920.0,66
transaction,600000.SH,2016-05-04 09:34:34.020000,18.2,1400,25480.0,66
transaction,600000.SH,2016-05-04 09:34:34.120000,18.19,1000,18190.0,83
transaction,600000.SH,2016-05-04 09:34:34.120000,18.19,6300,114597.0,83
transaction,600000.SH,2016-05-04 09:34:34.120000,18.19,2000,36380.0,83
transaction,000001.SZ,2016-05-04 09:34:35.630000,0.0,7400,0.0,32
transaction,000001.SZ,2016-05-04 09:34:36.720000,0.0,3000,0.0,32
transaction,000001.SZ,2016-05-04 09:34:37.870000,10.7,1000,10700.0,66
transaction,600000.SH,2016-05-04 09:34:35.210000,18.19,500,9095.0,83
transaction,600000.SH,2016-05-04 09:34:35.360000,18.19,700,12733.0,83
transaction,600000.SH,2016-05-04 09:34:35.570000,18.19,800,14552.0,83
transaction,600000.SH,2016-05-04 09:34:35.570000,18.19,400,7276.0,83
transaction,600000.SH,2016-05-04 09:34:37.310000,18.19,4500,81855.0,66
transaction,600000.SH,2016-05-04 09:34:37.740000,18.19,2500,45475.0,66
transaction,000001.SZ,2016-05-04 09:34:38.110000,0.0,5000,0.0,32
transaction,000001.SZ,2016-05-04 09:34:39.600000,10.69,600,6414.0,83
transaction,000001.SZ,2016-05-04 09:34:40.650000,10.7,10100,108070.0,66
transaction,600000.SH,2016-05-04 09:34:38.710000,18.19,500,9095.0,66
transaction,600000.SH,2016-05-04 09:34:38.820000,18.19,4000,72760.0,66
transaction,600000.SH,2016-05-04 09:34:40.230000,18.18,900,16362.0,83
transaction,600000.SH,2016-05-04 09:34:40.370000,18.18,100,1818.0,83
transaction,600000.SH,2016-05-04 09:34:40.370000,18.18,200,3636.0,83
transaction,600000.SH,2016-05-04 09:34:40.810000,18.19,1100,20009.0,66
transaction,000001.SZ,2016-05-04 09:34:41.450000,0.0,30000,0.0,32
transaction,000001.SZ,2016-05-04 09:34:41.910000,10.69,900,9621.0,83
transaction,000001.SZ,2016-05-04 09:34:43.190000,10.69,1000,10690.0,83
transaction,600000.SH,2016-05-04 09:34:41.160000,18.19,2500,45475.0,66
transaction,600000.SH,2016-05-04 09:34:41.440000,18.19,500,9095.0,66
transaction,600000.SH,2016-05-04 09:34:41.530000,18.19,500,9095.0,66
transaction,600000.SH,2016-05-04 09:34:41.730000,18.19,1000,18190.0,66
transaction,600000.SH,2016-05-04 09:34:42.690000,18.19,100,1819.0,66
transaction,600000.SH,2016-05-04 09:34:43.240000,18.19,13700,249203.0,66
transaction,000001.SZ,2016-05-04 09:34:44.360000,0.0,500,0.0,32
transaction,000001.SZ,2016-05-04 09:34:44.590000,0.0,500,0.0,32
transaction,000001.SZ,2016-05-04 09:34:46.360000,10.69,400,4276.0,83
transaction,600000.SH,2016-05-04 09:34:44.320000,18.19,2000,36380.0,66
transaction,600000.SH,2016-05-04 09:34:44.550000,18.19,700,12733.0,66
transaction,600000.SH,2016-05-04 09:34:45.750000,18.19,400,7276.0,66
transaction,600000.SH,2016-05-04 09:34:46.460000,18.18,300,5454.0,83
transaction,600000.SH,2016-05-04 09:34:46.460000,18.18,4700,85446.0,83
transaction,600000.SH,2016-05-04 09:34:46.820000,18.19,300,5457.0,66
transaction,000001.SZ,2016-05-04 09:34:48.660000,10.7,1500,16049.0,66
transaction,000001.SZ,2016-05-04 09:34:48.850000,0.0,6300,0.0,32
transaction,000001.SZ,2016-05-04 09:34:48.940000,0.0,1000,0.0,32
transaction,000001.SZ,2016-05-04 09:34:49.080000,10.7,802,8581.0,66
transaction,000001.SZ,2016-05-04 09:34:49.080000,10.7,698,7468.0,66
transaction,000001.SZ,2016-05-04 09:34:49.560000,10.69,5000,53450.0,83
transaction,000001.SZ,2016-05-04 09:34:49.710000,10.7,300,3210.0,66
transaction,600000.SH,2016-05-04 09:34:48.000000,18.19,600,10914.0,66
transaction,600000.SH,2016-05-04 09:34:49.660000,18.19,400,7276.0,66
transaction,000001.SZ,2016-05-04 09:34:50.930000,10.69,600,6414.0,83
transaction,000001.SZ,2016-05-04 09:34:51.350000,0.0,1000,0.0,32
transaction,000001.SZ,2016-05-04 09:34:51.430000,10.7,602,6441.0,66
transaction,000001.SZ,2016-05-04 09:34:51.430000,10.7,198,2118.0,66
transaction,600000.SH,2016-05-04 09:34:50.630000,18.18,400,7272.0,83
transaction,600000.SH,2016-05-04 09:34:51.250000,18.18,4900,89082.0,83
transaction,600000.SH,2016-05-04 09:34:51.700000,18.18,400,7272.0,83
transaction,600000.SH,2016-05-04 09:34:51.700000,18.18,400,7272.0,83
transaction,000001.SZ,2016-05-04 09:34:53.740000,0.0,54000,0.0,32
transaction,000001.SZ,2016-05-04 09:34:54.330000,10.7,802,8581.0,66
transaction,000001.SZ,2016-05-04 09:34:54.330000,10.7,198,2118.0,66
transaction,000001.SZ,2016-05-04 09:34:54.490000,10.69,200,2138.0,83
transaction,000001.SZ,2016-05-04 09:34:54.620000,0.0,32500,0.0,32
transaction,000001.SZ,2016-05-04 09:34:54.620000,0.0,10900,0.0,32
transaction,000001.SZ,2016-05-04 09:34:54.880000,10.7,100,1070.0,66
transaction,600000.SH,2016-05-04 09:34:53.360000,18.18,100,1818.0,83
transaction,600000.SH,2016-05-04 09:34:53.420000,18.18,100,1818.0,83
transaction,600000.SH,2016-05-04 09:34:55.340000,18.19,500,9095.0,66
transaction,600000.SH,2016-05-04 09:34:55.610000,18.19,1800,32742.0,66
transaction,000001.SZ,2016-05-04 09:34:56.670000,10.7,3800,40660.0,66
transaction,000001.SZ,2016-05-04 09:34:56.720000,0.0,4700,0.0,32
transaction,000001.SZ,2016-05-04 09:34:57.160000,10.7,2000,21400.0,66
transaction,000001.SZ,2016-05-04 09:34:57.740000,10.69,1000,10690.0,83
transaction,000001.SZ,2016-05-04 09:34:57.940000,10.7,500,5350.0,66
transaction,000001.SZ,2016-05-04 09:34:58.130000,0.0,2000,0.0,32
transaction,000001.SZ,2016-05-04 09:34:58.870000,0.0,1000,0.0,32
transaction,000001.SZ,2016-05-04 09:34:58.960000,10.7,10000,107000.0,66
transaction,600000.SH,2016-05-04 09:34:56.330000,18.18,1400,25452.0,83
transaction,600000.SH,2016-05-04 09:34:56.330000,18.18,400,7272.0,83
transaction,600000.SH,2016-05-04 09:34:56.330000,18.18,200,3636.0,83
transaction,600000.SH,2016-05-04 09:34:57.920000,18.18,800,14544.0,83
transaction,600000.SH,2016-05-04 09:34:57.920000,18.18,100,1818.0,83
transaction,600000.SH,2016-05-04 09:34:57.920000,18.18,500,9090.0,83
transaction,600000.SH,2016-05-04 09:34:57.920000,18.18,6300,114534.0,83
transaction,600000.SH,2016-05-04 09:34:57.920000,18.18,42300,769014.0,83
transaction,600000.SH,2016-05-04 09:34:58.110000,18.18,2800,50904.0,83
transaction,600000.SH,2016-05-04 09:34:58.430000,18.19,200,3638.0,66
transaction,000001.SZ,2016-05-04 09:34:59.720000,10.69,500,5345.0,83
transaction,000001.SZ,2016-05-04 09:34:59.900000,10.69,37000,395530.0,83
transaction,000001.SZ,2016-05-04 09:35:00.100000,10.7,1000,10700.0,66
transaction,000001.SZ,2016-05-04 09:35:01.190000,0.0,7200,0.0,32
transaction,600000.SH,2016-05-04 09:35:00.530000,18.18,10000,181800.0,83
transaction,600000.SH,2016-05-04 09:35:00.600000,18.19,2100,38199.0,66
transaction,600000.SH,2016-05-04 09:35:00.950000,18.19,1500,27285.0,66
transaction,600000.SH,2016-05-04 09:35:01.200000,18.18,10700,194526.0,83
transaction,000001.SZ,2016-05-04 09:35:02.840000,10.7,1000,10700.0,66
transaction,000001.SZ,2016-05-04 09:35:03.760000,10.69,600,6414.0,83
transaction,000001.SZ,2016-05-04 09:35:03.820000,10.7,500,5350.0,66
transaction,000001.SZ,2016-05-04 09:35:04.150000,0.0,2000,0.0,32
transaction,600000.SH,2016-05-04 09:35:02.800000,18.19,3000,54570.0,66
transaction,600000.SH,2016-05-04 09:35:04.630000,18.18,1500,27270.0,83
transaction,000001.SZ,2016-05-04 09:35:05.170000,0.0,1000,0.0,32
transaction,000001.SZ,2016-05-04 09:35:05.290000,10.7,6602,70641.0,66
transaction,000001.SZ,2016-05-04 09:35:05.290000,10.7,1600,17120.0,66
transaction,000001.SZ,2016-05-04 09:35:05.290000,10.7,5000,53500.0,66
transaction,000001.SZ,2016-05-04 09:35:05.290000,10.7,5600,59919.0,66
transaction,000001.SZ,2016-05-04 09:35:05.290000,10.7,1000,10700.0,66
transaction,000001.SZ,2016-05-04 09:35:05.290000,10.7,600,6420.0,66
transaction,000001.SZ,2016-05-04 09:35:05.290000,10.7,4900,52430.0,66
transaction,000001.SZ,2016-05-04 09:35:05.290000,10.7,1198,12818.0,66
transaction,000001.SZ,2016-05-04 09:35:05.390000,10.69,10000,106900.0,83
transaction,000001.SZ,2016-05-04 09:35:05.750000,10.7,200,2140.0,66
transaction,000001.SZ,2016-05-04 09:35:06.480000,0.0,2000,0.0,32
transaction,000001.SZ,2016-05-04 09:35:07.850000,10.7,500,5350.0,66
transaction,600000.SH,2016-05-04 09:35:05.370000,18.19,4400,80036.0,66
transaction,600000.SH,2016-05-04 09:35:05.370000,18.19,1000,18190.0,66
transaction,600000.SH,2016-05-04 09:35:05.370000,18.19,500,9095.0,66
transaction,600000.SH,2016-05-04 09:35:05.370000,18.19,5000,90950.0,66
transaction,600000.SH,2016-05-04 09:35:05.370000,18.19,4000,72760.0,66
transaction,600000.SH,2016-05-04 09:35:05.370000,18.19,500,9095.0,66
transaction,600000.SH,2016-05-04 09:35:05.370000,18.19,400,7276.0,66
transaction,600000.SH,2016-05-04 09:35:05.370000,18.19,400,7276.0,66
transaction,600000.SH,2016-05-04 09:35:05.370000,18.19,6700,121873.0,66
transaction,600000.SH,2016-05-04 09:35:05.370000,18.19,300,5457.0,66
transaction,600000.SH,2016-05-04 09:35:05.550000,18.19,700,12733.0,66
transaction,600000.SH,2016-05-04 09:35:06.060000,18.18,700,12726.0,83
transaction,600000.SH,2016-05-04 09:35:06.060000,18.18,100,1818.0,83
transaction,600000.SH,2016-05-04 09:35:06.060000,18.18,500,9090.0,83
transaction,600000.SH,2016-05-04 09:35:06.060000,18.18,300,5454.0,83
transaction,600000.SH,2016-05-04 09:35:06.060000,18.18,3500,63630.0,83
transaction,600000.SH,2016-05-04 09:35:06.720000,18.19,700,12733.0,66
transaction,600000.SH,2016-05-04 09:35:07.430000,18.18,500,9090.0,83
transaction,600000.SH,2016-05-04 09:35:07.430000,18.18,500,9090.0,83
transaction,600000.SH,2016-05-04 09:35:07.580000,18.19,100,1819.0,66
transaction,600000.SH,2016-05-04 09:35:07.820000,18.18,500,9090.0,83
transaction,000001.SZ,2016-05-04 09:35:08.520000,10.7,4102,43891.0,66
transaction,000001.SZ,2016-05-04 09:35:08.520000,10.7,5898,63108.0,66
transaction,000001.SZ,2016-05-04 09:35:08.540000,0.0,600,0.0,32
transaction,000001.SZ,2016-05-04 09:35:08.990000,10.7,17102,182991.0,66
transaction,000001.SZ,2016-05-04 09:35:08.990000,10.7,1000,10700.0,66
transaction,000001.SZ,2016-05-04 09:35:08.990000,10.7,100,1070.0,66
transaction,000001.SZ,2016-05-04 09:35:08.990000,10.7,2000,21400.0,66
transaction,000001.SZ,2016-05-04 09:35:08.990000,10.7,798,8538.0,66
transaction,000001.SZ,2016-05-04 09:35:09.150000,10.69,3000,32070.0,83
transaction,000001.SZ,2016-05-04 09:35:09.420000,10.69,600,6414.0,83
transaction,000001.SZ,2016-05-04 09:35:10.540000,10.7,9202,98461.0,66
transaction,000001.SZ,2016-05-04 09:35:10.540000,10.7,300,3210.0,66
transaction,000001.SZ,2016-05-04 09:35:10.540000,10.7,100,1070.0,66
transaction,000001.SZ,2016-05-04 09:35:10.540000,10.7,1000,10700.0,66
transaction,000001.SZ,2016-05-04 09:35:10.540000,10.7,5000,53500.0,66
transaction,000001.SZ,2016-05-04 09:35:10.540000,10.7,9000,96300.0,66
transaction,000001.SZ,2016-05-04 09:35:10.540000,10.7,3000,32099.0,66
transaction,000001.SZ,2016-05-04 09:35:10.540000,10.7,9200,98440.0,66
transaction,000001.SZ,2016-05-04 09:35:10.540000,10.7,5000,53500.0,66
transaction,000001.SZ,2016-05-04 09:35:10.540000,10.7,9200,98440.0,66
transaction,000001.SZ,2016-05-04 09:35:10.540000,10.7,916,9801.0,66
transaction,000001.SZ,2016-05-04 09:35:10.540000,10.7,4600,49220.0,66
transaction,000001.SZ,2016-05-04 09:35:10.540000,10.7,4000,42800.0,66
transaction,000001.SZ,2016-05-04 09:35:10.540000,10.7,2000,21400.0,66
transaction,000001.SZ,2016-05-04 09:35:10.540000,10.7,400,4280.0,66
transaction,000001.SZ,2016-05-04 09:35:10.540000,10.7,100,1070.0,66
transaction,000001.SZ,2016-05-04 09:35:10.540000,10.7,100000,1070000.0,66
transaction,000001.SZ,2016-05-04 09:35:10.540000,10.7,3000,32099.0,66
transaction,000001.SZ,2016-05-04 09:35:10.540000,10.7,200,2140.0,66
transaction,000001.SZ,2016-05-04 09:35:10.540000,10.7,61800,661260.0,66
transaction,000001.SZ,2016-05-04 09:35:10.540000,10.7,5000,53500.0,66
transaction,000001.SZ,2016-05-04 09:35:10.540000,10.7,500,5350.0,66
transaction,000001.SZ,2016-05-04 09:35:10.540000,10.7,19000,203300.0,66
transaction,000001.SZ,2016-05-04 09:35:10.540000,10.7,1400,14979.0,66
transaction,000001.SZ,2016-05-04 09:35:10.540000,10.7,5000,53500.0,66
transaction,000001.SZ,2016-05-04 09:35:10.540000,10.7,100,1070.0,66
transaction,000001.SZ,2016-05-04 09:35:10.540000,10.7,600,6420.0,66
transaction,000001.SZ,2016-05-04 09:35:10.540000,10.7,2000,21400.0,66
transaction,000001.SZ,2016-05-04 09:35:10.540000,10.7,1400,14979.0,66
transaction,000001.SZ,2016-05-04 09:35:10.540000,10.7,5000,53500.0,66
transaction,000001.SZ,2016-05-04 09:35:10.540000,10.7,100,1070.0,66
transaction,000001.SZ,2016-05-04 09:35:10.540000,10.7,1000,10700.0,66
transaction,000001.SZ,2016-05-04 09:35:10.540000,10.7,7300,78110.0,66
transaction,000001.SZ,2016-05-04 09:35:10.540000,10.7,7400,79180.0,66
transaction,000001.SZ,2016-05-04 09:35:10.540000,10.7,1500,16049.0,66
transaction,000001.SZ,2016-05-04 09:35:10.540000,10.7,5000,53500.0,66
transaction,000001.SZ,2016-05-04 09:35:10.540000,10.7,1600,17120.0,66
transaction,000001.SZ,2016-05-04 09:35:10.540000,10.7,40800,436560.0,66
transaction,000001.SZ,2016-05-04 09:35:10.540000,10.7,2000,21400.0,66
transaction,000001.SZ,2016-05-04 09:35:10.540000,10.7,500,5350.0,66
transaction,000001.SZ,2016-05-04 09:35:10.540000,10.7,5000,53500.0,66
transaction,000001.SZ,2016-05-04 09:35:10.970000,10.7,5000,53500.0,83
transaction,600000.SH,2016-05-04 09:35:10.040000,18.18,2700,49086.0,83
transaction,600000.SH,2016-05-04 09:35:10.240000,18.18,1000,18180.0,83
transaction,600000.SH,2016-05-04 09:35:10.390000,18.18,900,16362.0,83
transaction,600000.SH,2016-05-04 09:35:10.500000,18.18,300,5454.0,83
transaction,600000.SH,2016-05-04 09:35:10.680000,18.18,1000,18180.0,83
transaction,000001.SZ,2016-05-04 09:35:13.200000,10.7,1600,17120.0,83
transaction,000001.SZ,2016-05-04 09:35:13.390000,10.7,300,3210.0,83
transaction,600000.SH,2016-05-04 09:35:11.780000,18.18,300,5454.0,83
transaction,600000.SH,2016-05-04 09:35:12.320000,18.18,500,9090.0,83
transaction,600000.SH,2016-05-04 09:35:13.430000,18.18,1000,18180.0,83
transaction,600000.SH,2016-05-04 09:35:14.090000,18.19,200,3638.0,66
transaction,600000.SH,2016-05-04 09:35:14.090000,18.19,300,5457.0,66
transaction,600000.SH,2016-05-04 09:35:14.430000,18.18,700,12726.0,83
transaction,600000.SH,2016-05-04 09:35:14.510000,18.18,300,5454.0,83
transaction,600000.SH,2016-05-04 09:35:15.020000,18.19,4400,80036.0,66
transaction,600000.SH,2016-05-04 09:35:15.020000,18.19,600,10914.0,66
transaction,600000.SH,2016-05-04 09:35:15.260000,18.18,10000,181800.0,83
transaction,600000.SH,2016-05-04 09:35:15.320000,18.18,3700,67266.0,83
transaction,600000.SH,2016-05-04 09:35:15.320000,18.18,400,7272.0,83
transaction,600000.SH,2016-05-04 09:35:15.320000,18.18,100,1818.0,83
transaction,600000.SH,2016-05-04 09:35:15.320000,18.18,300,5454.0,83
transaction,600000.SH,2016-05-04 09:35:15.320000,18.18,5500,99990.0,83
transaction,600000.SH,2016-05-04 09:35:15.920000,18.19,100,1819.0,66
transaction,600000.SH,2016-05-04 09:35:15.920000,18.19,300,5457.0,66
transaction,600000.SH,2016-05-04 09:35:16.350000,18.19,200,3638.0,83
transaction,000001.SZ,2016-05-04 09:35:17.220000,10.7,200,2140.0,83
transaction,000001.SZ,2016-05-04 09:35:17.400000,0.0,1000,0.0,32
transaction,000001.SZ,2016-05-04 09:35:19.190000,10.7,500,5350.0,83
transaction,000001.SZ,2016-05-04 09:35:19.620000,10.71,500,5355.0,66
transaction,000001.SZ,2016-05-04 09:35:19.830000,10.71,100,1071.0,66
transaction,600000.SH,2016-05-04 09:35:17.190000,18.19,200,3638.0,83
transaction,600000.SH,2016-05-04 09:35:17.760000,18.19,3000,54570.0,83
transaction,600000.SH,2016-05-04 09:35:20.170000,18.19,2000,36380.0,83
transaction,000001.SZ,2016-05-04 09:35:20.650000,0.0,100,0.0,32
transaction,000001.SZ,2016-05-04 09:35:21.170000,0.0,2900,0.0,32
transaction,000001.SZ,2016-05-04 09:35:21.610000,10.7,800,8560.0,83
transaction,000001.SZ,2016-05-04 09:35:21.610000,0.0,97300,0.0,32
transaction,000001.SZ,2016-05-04 09:35:21.610000,0.0,32500,0.0,32
transaction,000001.SZ,2016-05-04 09:35:22.340000,10.7,100,1070.0,83
transaction,000001.SZ,2016-05-04 09:35:22.660000,0.0,1500,0.0,32
transaction,600000.SH,2016-05-04 09:35:21.420000,18.2,1100,20020.0,66
transaction,600000.SH,2016-05-04 09:35:22.760000,18.19,200,3638.0,83
transaction,600000.SH,2016-05-04 09:35:22.760000,18.19,200,3638.0,83
transaction,000001.SZ,2016-05-04 09:35:23.580000,0.0,100,0.0,32
transaction,000001.SZ,2016-05-04 09:35:24.340000,10.71,1200,12852.0,66
transaction,000001.SZ,2016-05-04 09:35:24.340000,10.71,100,1071.0,66
transaction,000001.SZ,2016-05-04 09:35:24.580000,0.0,1000,0.0,32
transaction,000001.SZ,2016-05-04 09:35:25.320000,10.71,1500,16065.0,66
transaction,000001.SZ,2016-05-04 09:35:25.320000,10.71,200,2142.0,66
transaction,600000.SH,2016-05-04 09:35:25.480000,18.19,6300,114597.0,83
transaction,600000.SH,2016-05-04 09:35:25.480000,18.19,200,3638.0,83
transaction,600000.SH,2016-05-04 09:35:25.480000,18.19,1000,18190.0,83
transaction,600000.SH,2016-05-04 09:35:25.480000,18.19,5000,90950.0,83
transaction,000001.SZ,2016-05-04 09:35:26.930000,10.7,2000,21400.0,83
transaction,000001.SZ,2016-05-04 09:35:27.670000,10.71,1000,10710.0,66
transaction,600000.SH,2016-05-04 09:35:26.550000,18.19,500,9095.0,83
transaction,600000.SH,2016-05-04 09:35:27.740000,18.2,100,1820.0,66
transaction,600000.SH,2016-05-04 09:35:28.010000,18.19,1000,18190.0,83
transaction,600000.SH,2016-05-04 09:35:28.010000,18.19,800,14552.0,83
transaction,600000.SH,2016-05-04 09:35:28.420000,18.19,500,9095.0,66
transaction,000001.SZ,2016-05-04 09:35:29.340000,0.0,2000,0.0,32
transaction,000001.SZ,2016-05-04 09:35:29.470000,10.71,100,1071.0,66
transaction,000001.SZ,2016-05-04 09:35:29.760000,10.71,1000,10710.0,66
transaction,000001.SZ,2016-05-04 09:35:29.830000,10.7,500,5350.0,83
transaction,000001.SZ,2016-05-04 09:35:29.980000,10.71,2700,28917.0,66
transaction,000001.SZ,2016-05-04 09:35:29.980000,10.71,300,3213.0,66
transaction,000001.SZ,2016-05-04 09:35:30.700000,10.7,500,5350.0,83
transaction,000001.SZ,2016-05-04 09:35:30.730000,0.0,1000,0.0,32
transaction,000001.SZ,2016-05-04 09:35:30.830000,10.71,300,3213.0,66
transaction,000001.SZ,2016-05-04 09:35:30.830000,10.71,700,7497.0,66
transaction,000001.SZ,2016-05-04 09:35:30.960000,10.7,600,6420.0,83
transaction,600000.SH,2016-05-04 09:35:29.500000,18.18,1000,18180.0,83
transaction,600000.SH,2016-05-04 09:35:30.910000,18.19,1700,30923.0,66
transaction,600000.SH,2016-05-04 09:35:30.910000,18.19,1300,23647.0,66
transaction,600000.SH,2016-05-04 09:35:31.720000,18.19,100,1819.0,66
transaction,600000.SH,2016-05-04 09:35:31.740000,18.18,15400,279972.0,83
transaction,600000.SH,2016-05-04 09:35:31.740000,18.18,200,3636.0,83
transaction,600000.SH,2016-05-04 09:35:31.740000,18.18,600,10908.0,83
transaction,600000.SH,2016-05-04 09:35:31.740000,18.18,1000,18180.0,83
transaction,600000.SH,2016-05-04 09:35:31.740000,18.17,200,3634.0,83
transaction,600000.SH,2016-05-04 09:35:31.740000,18.17,1000,18170.0,83
transaction,600000.SH,2016-05-04 09:35:31.740000,18.17,1000,18170.0,83
transaction,600000.SH,2016-05-04 09:35:31.740000,18.17,20000,363400.0,83
transaction,600000.SH,2016-05-04 09:35:31.740000,18.17,2000,36340.0,83
transaction,600000.SH,2016-05-04 09:35:31.740000,18.16,1700,30872.0,83
transaction,600000.SH,2016-05-04 09:35:31.740000,18.16,6000,108960.0,83
transaction,600000.SH,2016-05-04 09:35:31.740000,18.16,10000,181600.0,83
transaction,600000.SH,2016-05-04 09:35:31.740000,18.15,40900,742335.0,83
transaction,000001.SZ,2016-05-04 09:35:33.540000,10.71,1300,13923.0,66
transaction,000001.SZ,2016-05-04 09:35:33.540000,10.71,900,9639.0,66
transaction,000001.SZ,2016-05-04 09:35:33.540000,10.71,2000,21420.0,66
transaction,000001.SZ,2016-05-04 09:35:33.540000,10.71,4000,42840.0,66
transaction,000001.SZ,2016-05-04 09:35:33.540000,10.71,2000,21420.0,66
transaction,000001.SZ,2016-05-04 09:35:33.540000,10.71,1800,19278.0,66
transaction,000001.SZ,2016-05-04 09:35:33.540000,10.71,1000,10710.0,66
transaction,000001.SZ,2016-05-04 09:35:33.540000,10.71,1000,10710.0,66
transaction,000001.SZ,2016-05-04 09:35:33.540000,10.71,1000,10710.0,66
transaction,000001.SZ,2016-05-04 09:35:33.540000,10.71,200,2142.0,66
transaction,000001.SZ,2016-05-04 09:35:33.550000,10.71,10000,107100.0,66
transaction,000001.SZ,2016-05-04 09:35:33.550000,10.71,800,8568.0,66
transaction,000001.SZ,2016-05-04 09:35:33.550000,10.71,1000,10710.0,66
transaction,000001.SZ,2016-05-04 09:35:33.550000,10.71,13000,139230.0,66
transaction,000001.SZ,2016-05-04 09:35:34.170000,10.71,1200,12852.0,66
transaction,000001.SZ,2016-05-04 09:35:34.570000,10.71,1000,10710.0,66
transaction,000001.SZ,2016-05-04 09:35:37.670000,0.0,5900,0.0,32
transaction,000001.SZ,2016-05-04 09:35:37.910000,10.71,100,1071.0,66
transaction,600000.SH,2016-05-04 09:35:35.640000,18.19,100,1819.0,66
transaction,600000.SH,2016-05-04 09:35:35.640000,18.19,200,3638.0,66
transaction,600000.SH,2016-05-04 09:35:35.640000,18.19,100,1819.0,66
transaction,600000.SH,2016-05-04 09:35:35.640000,18.2,1400,25480.0,66
transaction,600000.SH,2016-05-04 09:35:35.780000,18.2,100,1820.0,66
transaction,000001.SZ,2016-05-04 09:35:38.020000,0.0,3000,0.0,32
transaction,600000.SH,2016-05-04 09:35:38.140000,18.19,1200,21828.0,66
transaction,000001.SZ,2016-05-04 09:35:38.160000,0.0,600,0.0,32
transaction,000001.SZ,2016-05-04 09:35:40.160000,10.71,500,5355.0,66
transaction,000001.SZ,2016-05-04 09:35:40.540000,10.7,2000,21400.0,83
transaction,000001.SZ,2016-05-04 09:35:41.000000,10.7,200,2140.0,83
transaction,600000.SH,2016-05-04 09:35:40.300000,18.19,300,5457.0,66
transaction,600000.SH,2016-05-04 09:35:40.300000,18.19,1000,18190.0,66
transaction,600000.SH,2016-05-04 09:35:40.490000,18.18,200,3636.0,83
transaction,600000.SH,2016-05-04 09:35:40.490000,18.18,800,14544.0,83
transaction,600000.SH,2016-05-04 09:35:40.590000,18.18,200,3636.0,83
transaction,600000.SH,2016-05-04 09:35:40.590000,18.15,100,1814.0,83
transaction,000001.SZ,2016-05-04 09:35:41.910000,0.0,37700,0.0,32
transaction,000001.SZ,2016-05-04 09:35:42.630000,0.0,300,0.0,32
transaction,000001.SZ,2016-05-04 09:35:43.070000,0.0,10000,0.0,32
transaction,000001.SZ,2016-05-04 09:35:43.340000,10.71,700,7497.0,66
transaction,000001.SZ,2016-05-04 09:35:43.500000,0.0,1000,0.0,32
transaction,000001.SZ,2016-05-04 09:35:43.630000,10.71,1000,10710.0,66
transaction,000001.SZ,2016-05-04 09:35:43.920000,10.7,1500,16049.0,83
transaction,000001.SZ,2016-05-04 09:35:44.700000,0.0,7000,0.0,32
transaction,000001.SZ,2016-05-04 09:35:44.940000,10.71,300,3213.0,66
transaction,000001.SZ,2016-05-04 09:35:45.470000,10.71,400,4284.0,66
transaction,000001.SZ,2016-05-04 09:35:46.050000,10.71,900,9639.0,66
transaction,000001.SZ,2016-05-04 09:35:46.150000,0.0,1000,0.0,32
transaction,000001.SZ,2016-05-04 09:35:46.590000,0.0,300,0.0,32
transaction,600000.SH,2016-05-04 09:35:46.150000,18.19,500,9095.0,66
transaction,600000.SH,2016-05-04 09:35:46.320000,18.15,4300,78045.0,83
transaction,600000.SH,2016-05-04 09:35:46.320000,18.15,2000,36300.0,83
transaction,600000.SH,2016-05-04 09:35:46.320000,18.15,5000,90750.0,83
transaction,600000.SH,2016-05-04 09:35:46.320000,18.14,600,10884.0,83
transaction,000001.SZ,2016-05-04 09:35:49.650000,10.71,200,2142.0,66
transaction,600000.SH,2016-05-04 09:35:47.600000,18.19,100,1819.0,66
transaction,600000.SH,2016-05-04 09:35:47.880000,18.19,200,3638.0,66
transaction,600000.SH,2016-05-04 09:35:49.020000,18.19,100,1819.0,66
transaction,000001.SZ,2016-05-04 09:35:50.380000,0.0,3000,0.0,32
transaction,000001.SZ,2016-05-04 09:35:52.270000,0.0,5000,0.0,32
transaction,000001.SZ,2016-05-04 09:35:52.300000,0.0,200,0.0,32
transaction,000001.SZ,2016-05-04 09:35:53.760000,10.71,7000,74970.0,66
transaction,000001.SZ,2016-05-04 09:35:54.440000,10.71,2800,29988.0,66
transaction,000001.SZ,2016-05-04 09:35:54.620000,0.0,2000,0.0,32
transaction,000001.SZ,2016-05-04 09:35:54.710000,0.0,1000,0.0,32
transaction,000001.SZ,2016-05-04 09:35:55.420000,10.71,2000,21420.0,66
transaction,000001.SZ,2016-05-04 09:35:55.500000,10.7,200,2140.0,83
transaction,000001.SZ,2016-05-04 09:35:55.600000,0.0,1200,0.0,32
transaction,000001.SZ,2016-05-04 09:35:55.660000,10.71,600,6426.0,66
transaction,000001.SZ,2016-05-04 09:35:55.680000,0.0,1200,0.0,32
transaction,000001.SZ,2016-05-04 09:35:55.800000,0.0,1200,0.0,32
transaction,600000.SH,2016-05-04 09:35:53.900000,18.18,200,3636.0,66
transaction,600000.SH,2016-05-04 09:35:54.770000,18.15,100,1814.0,83
transaction,000001.SZ,2016-05-04 09:35:56.170000,0.0,2000,0.0,32
transaction,000001.SZ,2016-05-04 09:35:57.410000,10.71,14300,153153.0,66
transaction,000001.SZ,2016-05-04 09:35:57.410000,10.71,5000,53550.0,66
transaction,000001.SZ,2016-05-04 09:35:57.410000,10.71,1000,10710.0,66
transaction,000001.SZ,2016-05-04 09:35:57.410000,10.71,500,5355.0,66
transaction,000001.SZ,2016-05-04 09:35:57.410000,10.71,1000,10710.0,66
transaction,000001.SZ,2016-05-04 09:35:57.410000,10.71,200,2142.0,66
transaction,000001.SZ,2016-05-04 09:35:57.410000,10.71,399,4273.0,66
transaction,000001.SZ,2016-05-04 09:35:57.410000,10.71,5000,53550.0,66
transaction,000001.SZ,2016-05-04 09:35:57.410000,10.71,10000,107100.0,66
transaction,000001.SZ,2016-05-04 09:35:57.410000,10.71,100,1071.0,66
transaction,000001.SZ,2016-05-04 09:35:57.410000,10.71,400,4284.0,66
transaction,000001.SZ,2016-05-04 09:35:57.410000,10.71,500,5355.0,66
transaction,000001.SZ,2016-05-04 09:35:57.410000,10.71,10000,107100.0,66
transaction,000001.SZ,2016-05-04 09:35:57.410000,10.71,1200,12852.0,66
transaction,000001.SZ,2016-05-04 09:35:57.410000,10.71,5000,53550.0,66
transaction,000001.SZ,2016-05-04 09:35:57.410000,10.71,500,5355.0,66
transaction,000001.SZ,2016-05-04 09:35:57.410000,10.71,4100,43911.0,66
transaction,000001.SZ,2016-05-04 09:35:57.410000,10.71,500,5355.0,66
transaction,000001.SZ,2016-05-04 09:35:57.410000,10.71,4000,42840.0,66
transaction,000001.SZ,2016-05-04 09:35:57.410000,10.71,76400,818244.0,66
transaction,000001.SZ,2016-05-04 09:35:57.410000,10.71,600,6426.0,66
transaction,000001.SZ,2016-05-04 09:35:57.410000,10.71,2600,27846.0,66
transaction,000001.SZ,2016-05-04 09:35:57.410000,10.71,10000,107100.0,66
transaction,000001.SZ,2016-05-04 09:35:57.410000,10.71,2000,21420.0,66
transaction,000001.SZ,2016-05-04 09:35:57.410000,10.71,10000,107100.0,66
transaction,000001.SZ,2016-05-04 09:35:57.410000,10.71,1000,10710.0,66
transaction,000001.SZ,2016-05-04 09:35:57.410000,10.71,100,1071.0,66
transaction,000001.SZ,2016-05-04 09:35:57.410000,10.71,2000,21420.0,66
transaction,000001.SZ,2016-05-04 09:35:57.410000,10.71,500,5355.0,66
transaction,000001.SZ,2016-05-04 09:35:57.410000,10.71,1500,16065.0,66
transaction,000001.SZ,2016-05-04 09:35:57.410000,10.71,29601,317026.0,66
transaction,000001.SZ,2016-05-04 09:35:57.990000,10.7,1000,10700.0,83
transaction,000001.SZ,2016-05-04 09:35:58.120000,0.0,100000,0.0,32
transaction,600000.SH,2016-05-04 09:35:57.630000,18.18,300,5454.0,66
